1860 2961
175 38 228 66 2⁴7

576 40 748 67 APPENolx
765 40 809 69 AD
828 41 940 69 OPERA
956 43 984 70 S.
1000 42 1146 70 otoNYSll
1162 44 1399 73 AREOPAGt'l'AE.

1736 46 1787 73 248

176 95 338 130 capacitate,
359 97 398 124 sic
419 98 446 123 in
471 105 512 123 me
529 97 677 126 bonitatem
702 100 876 129 scaturiendo
893 109 956 136 pro-
972 105 993 133 Α
1008 101 1061 127 τῶν
1079 102 1233 138 ἁγιωτέρων
1250 102 1432 138 χωρούμενος,
1448 102 1513 129 ἀλλα
1533 102 1600 137 πρὸς
1616 102 1646 127 τὸ
1659 102 1722 137 ἐμὸν
1739 103 1788 136 ἀγ-

175 141 261 169 ducit.

210 186 293 214 Juxta
310 187 485 214 nmtiesimam
513 190 700 218 resonantiam.
722 190 953 223 Quemadmodum

175 233 216 262 sol
227 234 273 268 qui
286 242 366 260 sensu
383 235 531 269 percipitur
543 237 632 264 omnia
645 237 760 265 visibilia
772 238 903 269 illustrat,
923 246 953 266 ac

173 286 216 311 ea,
233 287 291 314 quaa
306 280 391 314 ipsius
407 280 497 308 lumen
514 289 567 309 non
580 282 751 317 participant,
764 288 875 318 propter
887 292 951 318 pro-

173 325 260 361 priam
270 325 452 353 intirmitatem
466 334 519 354 non
530 328 703 363 participant:
713 329 749 355 ita
760 330 840 356 etiam
851 330 877 356 in
885 329 949 362 Deo,

173 377 267 397 onmes
281 371 314 397 ab
326 371 384 405 ipso
394 372 600 400 sanctificantur
611 374 689 408 129
697 375 743 408 qui
752 375 855 402 volunt.
870 375 953 402 Recte

172 420 262 443 nutem
275 416 383 444 divinus
399 416 544 453 Dionysius
560 419 583 445 ei
599 419 670 453 quod
681 420 883 448 dissentaneum
895 424 952 448 erat

172 461 200 489 in
219 462 252 489 iis
276 470 336 498 quae
361 463 394 491 de
419 465 477 492 sole
493 465 664 499 dicebantur,
681 467 772 494 statim
790 467 951 494 medicinam

172 508 254 535 fecit:
271 509 401 544 quoniam
423 511 494 538 enim
515 511 621 538 dixerat
648 512 731 538 solem
748 512 843 539 animae
857 521 953 547 exper-

170 557 224 580 tem
240 555 416 589 conspicuam
437 564 498 583 esse
524 557 655 584 bonitatis
670 556 716 583 Dei
733 557 888 592 imaginem,
904 566 951 585 vo-

170 600 258 626 cando
275 605 428 628 creaturam
454 603 585 629 creatoris
613 603 768 637 imaginem,
791 604 878 638 primo
891 604 952 638 qui-

169 645 228 672 dem
245 653 308 673 mox
329 646 461 680 adjunxit,
475 655 521 681 pro
537 649 645 674 minima
660 649 845 681 similitudine,
864 651 892 676 in
908 659 952 678 se-

167 692 260 725 quenti
276 697 364 720 autem
381 694 480 727 capite,
505 694 571 721 illud
594 694 683 729 ipsum
703 694 850 729 perfectius
868 703 951 730 expo«

167 736 217 764 nit.
230 736 299 771 Quid
315 745 396 772 porro
411 739 446 765 sit
461 739 603 766 πολλοστὸν
621 740 756 775 ἁπήχημα
777 741 886 768 minima
909 749 950 767 re-

1006 147 1078 180 γεῖον
1092 147 1178 179 οὕτως
1193 149 1220 174 ἐν
1235 149 1296 183 ἐμοὶ
1315 148 1443 183 πηγάζων
1455 149 1503 184 τὴν
1519 148 1680 183 ἁγαθότητα.

1039 193 1119 219 Κατὰ
1137 194 1309 220 πολλοστὸν
1332 193 1483 227 άπήχημα.
1496 193 1598 228 Ὥσπερ
1621 194 1634 218 ὁ
1661 193 1785 228 αἰσθητὸς

1003 238 1077 272 ἥλιος
1092 238 1180 265 πάντα
1196 238 1229 264 τὰ
1243 238 1327 274 ὁρατὰ
1339 239 1458 273 φωτίζει,
1477 239 1523 264 καὶ
1541 238 1575 264 τὰ
1591 239 1627 274 μὴ
1643 238 1784 273 μετέχοντα

1003 283 1049 309 τοῦ
1075 284 1162 318 φωτὸς
1186 284 1268 311 αὑτοῦ
1292 285 1433 311 διὀἱκείαν
1452 284 1594 320 ἁδράνειαν
1612 285 1642 310 οὐ
1661 285 1784 319 μετέχει·

1003 330 1072 356 οὕτω
1082 331 1127 357 καὶ
1141 331 1186 357 ἐπὶ
1199 331 1246 357 τοῦ
1261 331 1339 366 Θεοῦ,
1352 331 1451 362 πάντες
1461 332 1524 366 παρ’
1538 330 1618 357 αὑτοῦ
1631 330 1789 364 ἁγιάζονται

1002 375 1058 401 ὅσοι
1076 374 1222 410 βούλονται.
1237 375 1335 407 Καλῶς
1349 376 1376 402 δὲ
1392 376 1422 402 τὸ
1438 376 1605 410 ἁπεμφαῖνον
1620 375 1673 402 τῶν
1688 375 1734 401 ἐπὶ
1747 375 1786 409 τῷ

1003 419 1068 454 ἡλίῳ
1078 419 1228 456 λεγομένων
1246 421 1324 452 εὐθὺς
1341 421 1520 456 ἐθεράπευσεν
1532 421 1545 447 ὁ
1563 420 1630 451 θεῖος
1641 420 1784 452 Διονύσιος·

1003 466 1094 501 ἐπειδὴ
1109 467 1162 502 γὰρ
1178 467 1283 502 ἐμφανῆ
1301 467 1390 493 εἰκόνα
1409 467 1458 502 τῆς
1479 467 1642 502 ἀγαθότητος
1657 465 1704 492 τοῦ
1720 465 1785 492 Θεοῦ

1001 512 1046 538 τὸν
1062 512 1135 546 ἥλιον
1147 510 1206 538 εἷπε
1223 513 1267 539 τὸν
1286 513 1398 547 ἄψυχον,
1415 513 1445 539 τὸ
1468 513 1660 548 δημιούργημα
1675 511 1722 538 τοῦ
1738 511 1785 547 δη-

1003 558 1133 593 μιουργοῦ
1157 559 1272 590 καλέσας
1297 559 1399 589 εἰκόνα,
1425 558 1531 593 πρῶτον
1553 559 1600 593 μὲν
1619 558 1785 593 παραχρῆμα

1002 604 1123 638 ἐπήγαγε
1140 604 1214 630 κατὰ
1228 604 1400 631 πολλοστὸν
1416 603 1568 638 animum,
1585 604 1613 630 ἐν
1626 604 1653 630 δὲ
1669 603 1708 638 τῷ
1723 603 1785 638 ἑξῆς

1001 648 1149 684 κεφαλαίῳ,
1173 649 1334 684 τελεώτερον
1357 648 1446 684 [αὐτὸ]
1470 649 1620 684 σαφηνίζει.
1638 648 1669 674 Τί
1681 648 1709 674 δέ
1728 649 1785 674 ἐστι

1001 695 1172 721 πολλοστὸν
1190 694 1343 728 cimina-ua,
1360 694 1480 721 λεκτέον·
1507 695 1600 730 ὥσπερ
1625 694 1679 730 γὰρ
1701 694 1727 720 εἴ
1745 703 1785 725 τις

1003 740 1072 776 μέγα
1087 739 1183 775 βοήσας
1194 740 1240 766 καὶ
1253 740 1407 775 ἀνακράξας
1421 739 1491 766 εἴποι
1508 749 1543 772 τι,
1560 739 1606 766 καὶ
1618 740 1641 766 οἱ
1657 739 1704 774 μὲν
1717 747 1779 773 παρ-

166 783 290 808 sonantia
308 791 352 809 seu
369 784 526 816 similitudo,
541 785 687 812 dicendum
707 792 766 813 est:
781 786 852 813 sicut
865 787 948 822 igitur
963 781 985 810 B
999 785 1124 816 εστῶτες,
1151 779 1222 819 [ἐὰν]
1252 784 1401 820 ὲῤῥωμένοι
1434 784 1483 814 τὰς
1513 784 1597 815 ἀκοὰς
1625 781 1710 819 [(3611,
1739 783 1784 810 καὶ

166 827 266 863 siquis
279 828 331 855 alte
346 829 500 857 vociferans
522 834 548 857 et
574 831 695 858 clamans
715 831 818 866 aliquid
838 831 946 864 dixerit,

165 878 312 910 praesentes
327 875 448 910 quidem,
469 876 624 904 valentibus
637 877 742 912 praediti
762 879 883 912 auribus,
900 886 948 906 vo-

165 928 223 948 cem
245 928 452 956 sermonemque
477 922 590 949 audiunt
604 932 610 956 ;
627 924 673 958 qui
690 927 778 951 autem
794 932 888 959 parum
903 925 947 952 di-

164 970 247 998 stant,
258 971 360 1001 quanto
371 968 479 1000 absunt,
490 968 588 1004 [tanto]
596 970 710 997 debilius
717 978 809 997 vocem
817 971 945 1004 audiunt;

164 1013 208 1046 qui
225 1020 304 1047 porro
326 1014 441 1048 longiori
460 1015 555 1041 remoti
572 1019 636 1042 sunt
656 1016 754 1050 spatio,
764 1017 905 1044 minimam
921 1022 947 1044 et

164 1059 385 1087 obscurissimam
420 1061 480 1087 soni
511 1065 614 1095 partem
642 1062 765 1096 capiunt,
795 1067 824 1089 ut
852 1070 947 1090 vocem

163 1104 273 1140 quidem
294 1106 412 1140 aliquam
431 1107 576 1134 obscuram
593 1108 714 1140 audiant,
732 1109 779 1136 sed
797 1109 869 1143 quod
885 1117 947 1144 pro-

163 1152 315 1180 nuntiatum
339 1156 381 1179 est
404 1152 515 1180 minime
545 1153 794 1188 intefligantmnde
820 1155 948 1190 colligere

163 1198 226 1226 licet
238 1202 342 1225 tantum
359 1206 420 1225 esse
447 1199 536 1226 solare
557 1200 659 1231 lumen,
677 1201 699 1227 si
717 1208 779 1228 cum
792 1209 856 1228 vero
873 1209 947 1229 com-

163 1248 285 1281 paretur,
303 1249 331 1271 ut
347 1245 522 1279 intercapedo
540 1246 647 1280 concipi
664 1250 790 1281 nequeat.

197 1289 248 1317 Sed
263 1291 340 1316 etiam
356 1290 389 1317 ad
404 1291 606 1324 qenerationem.
632 1291 670 1319 Ne
692 1293 833 1320 arbitreris
861 1293 946 1320 solem

162 1343 223 1363 esse
238 1341 375 1364 auctorem
391 1337 585 1372 generationis,
600 1343 646 1365 aut
660 1339 733 1371 vitae,
750 1343 797 1366 aut
808 1340 947 1367 educatio-

162 1383 215 1415 nis,
234 1387 282 1410 aut
295 1384 476 1415 accretionis‚
502 1388 549 1410 aut
565 1384 739 1419 perfectionis
759 1386 798 1412 rei
814 1386 944 1420 alicujus;

162 1429 234 1457 siout
260 1437 347 1464 neque
370 1430 479 1465 aliquod
495 1431 568 1458 aliud
585 1431 770 1462 elementum,
792 1432 844 1459 etsi
866 1432 945 1460 valde

161 1475 345 1503 necessarium
362 1479 452 1508 esset,
470 1476 551 1502 veluti
570 1484 659 1511 aqua;
685 1484 832 1511 possumus
857 1477 943 1511 siqui-

160 1519 222 1545 dem
248 1520 399 1547 consistere
421 1524 448 1547 et
475 1521 578 1556 absque
605 1522 661 1548 sole
676 1526 702 1548 et
722 1529 802 1557 aqua,
821 1523 945 1557 quamvis

161 1565 251 1592 minus
277 1565 415 1600 perfecte,
433 1571 553 1594 attamen
580 1568 659 1602 longo
683 1572 804 1603 tempore
822 1577 829 1595 ι
851 1577 945 1597 verum

161 1611 232 1638 Deus
246 1612 335 1640 sciens
351 1612 453 1649 [omne]
469 1613 554 1648 frigus
569 1622 630 1641 esse
644 1615 756 1642 omnino
772 1615 874 1648 sterile.
886 1623 945 1643 mo·-

159 1657 284 1684 deratum
309 1662 398 1684 autem
423 1659 541 1686 calorem
570 1659 603 1685 ad
619 1660 820 1694 generationem
844 1662 942 1693 faeere,

160 1707 242 1737 atque
258 1704 357 1738 stirpes
369 1708 395 1730 et
412 1705 516 1732 semina
529 1705 649 1740 indigere
662 1706 770 1738 caloris,
781 1707 851 1734 sicut
863 1707 943 1734 etiam

159 1756 274 1783 corpora
289 1750 380 1776 omnia
398 1758 458 1785 quae
474 1751 528 1777 vita
548 1751 675 1778 fruuntur
693 1760 740 1779 seu
763 1753 856 1780 sensili
896 1761 944 1780 seu

158 1795 309 1829 vegetativa
322 1804 328 1828 ;
345 1796 429 1822 multa
444 1804 508 1823 vcro
522 1804 647 1832 purgare,
664 1798 699 1824 ita
715 1802 744 1824 ut
759 1799 785 1824 in
797 1799 943 1826 candorem

160 1840 294 1873 ferantur,
320 1842 390 1869 sicut
406 1847 496 1870 vestes
515 1847 542 1869 et
558 1843 627 1876 alia;
649 1851 780 1871 renovare
794 1849 883 1872 autem
901 1852 943 1872 se-

160 1887 233 1913 mina
247 1895 306 1921 quse
321 1887 505 1920 refrixerunt,
522 1888 582 1922 ejus
599 1889 637 1915 rei
658 1890 746 1924 gratia
761 1890 844 1917 solem
862 1898 891 1918 se
907 1890 943 1917 ita

161 1932 261 1959 babere
280 1932 359 1964 secit.
378 1938 407 1960 ut
429 1933 500 1960 dicta
515 1935 607 1960 omnia
626 1935 760 1962 creatoris
775 1943 856 1970 opera
873 1944 943 1971 pra:-

161 1982 223 2010 stct,
240 1986 301 2004 cum
316 1987 371 2005 non
385 1987 417 2006 ex
434 1987 483 2006 sua
495 1980 634 2007 voluntate
650 1984 697 2008 aut
711 1981 811 2008 virtute
824 1986 944 2016 potesta-

160 2027 214 2049 tem
241 2025 386 2058 acceperit.
413 2024 482 2052 Dicit
506 2025 558 2052 boc
580 2026 699 2060 periecte
725 2026 753 2054 S.
782 2027 942 2062 Dionysius,

159 2072 288 2102 tanquam
309 2070 428 2103 seipsum
453 2071 570 2105 amplius
593 2077 755 2105 exponeret,
782 2074 895 2100 inferius
916 2074 943 2100 in

160 2114 212 2140 tine
236 2115 333 2148 capitis
354 2116 461 2149 quinti,
483 2121 562 2152 atque
587 2117 614 2143 in
638 2118 690 2144 tine
716 2119 806 2151 sexti,
824 2119 942 2154 intellige
957 2123 980 2151 D

161 2159 266 2195 [igitur]
283 2168 389 2193 secure,
406 2169 492 2196 neque
509 2163 682 2196 pervertaris.

196 2235 244 2261 Est
263 2244 394 2263 mensura.
425 2237 470 2264 Sol
485 2238 584 2265 dicitur
607 2248 735 2267 mensura
760 2246 786 2268 et
811 2251 941 2270 numerus

161 2285 368 2315 tempestatum,
395 2288 536 2318 propterea
558 2286 630 2319 quod
645 2286 716 2313 diem
735 2288 862 2323 incipiat;
883 2289 941 2316 dies

160 2331 249 2353 autem
276 2328 397 2355 revoluta
422 2329 501 2356 eflicit
527 2338 645 2364 annum3
672 2332 732 2358 idco
758 2338 871 2360 vocatus
902 2339 942 2361 est

161 2380 287 2400 mensura
303 2395 309 2406 ‚
338 2376 420 2402 veluti
448 2381 570 2403 nostram
599 2378 714 2406 metiens
745 2379 847 2412 vitam3
877 2381 943 2407 dicit

160 2419 230 2444 cuim
246 2429 250 2445 :
272 2420 404 2454 Temporis
421 2423 502 2448 nostri
520 2423 641 2450 universi.

197 2464 252 2491 110⁶
263 2467 330 2492 enim
345 2472 382 2493 est
399 2468 464 2494 illud
484 2469 578 2496 lumen.
592 2469 660 2496 Nota
675 2472 770 2503 solem,
787 2473 866 2499 etiam
879 2482 940 2500 cum

160 2509 244 2543 figura
269 2517 387 2543 van-ret,
405 2518 460 2540 tres
479 2515 556 2549 130
567 2515 624 2542 dies
641 2517 686 2551 qui
702 2517 761 2550 ejus
777 2519 941 2545 creationem

160 2564 355 2591 pinus-esserunt
385 2560 548 2591 illustrasse,
572 2566 652 2595 atquc
676 2562 761 2589 lu<cm
777 2572 836 2597 quat
855 2565 939 2598 prima

160 2604 289 2639 prinlurta
308 2604 371 2634 suit.
392 2606 435 2632 die
450 2611 545 2640 quarta
563 2608 588 2634 in
606 2609 690 2635 solem
717 2611 939 2638 transformatam

998 829 1046 864 τῆς
1062 829 1125 864 βοῆς
1146 829 1193 856 καὶ
1216 828 1262 855 τοῦ
1282 828 1421 863 λεχθέντος
1441 829 1599 856 ἀκούουσιν·
1617 831 1640 856 οἱ
1656 829 1684 855 δὲ
1699 829 1785 863 βραχὺ

998 876 1161 909 ἀφεστῶτες,
1177 875 1237 901 ὅσον
1256 875 1399 910 ἀπέχουσι,
1426 874 1576 910 [τοσοῦτον]
1593 874 1785 910 ἀδρανέστερον

997 920 1043 946 τοῦ
1059 920 1212 955 φθέγματος
1222 920 1387 955 ἀκροῶνται·
1405 922 1428 946 οἱ
1444 921 1471 947 δὲ
1485 921 1531 947 ἐπὶ
1548 921 1638 955 μεῖζον
1651 920 1785 955 διάστημα

998 966 1194 1001 κεχωρισμένοι
1217 965 1361 992 πολλοστὸν
1379 975 1404 992 τι
1430 966 1512 1001 μέρος
1532 967 1578 993 καὶ
1602 966 1785 1001 ἁμυδρότατον

996 1010 1043 1036 τοῦ
1066 1011 1247 1046 ἀπηχήματος
1271 1010 1464 1046 λαμὸάνουσιν,
1485 1011 1521 1042 ὡς
1544 1011 1636 1046 φωνῆς
1656 1011 1703 1046 μὲν
1717 1011 1784 1045 ἀσή-

999 1066 1048 1092 μου
1073 1057 1145 1088 τινὺς
1161 1057 1286 1089 ἀκοῦσαι,
1310 1058 1346 1093 μὴ
1374 1058 1469 1092 νοῆσαι
1494 1058 1523 1084 τὸ
1545 1058 1601 1084 δὲῧθ
1617 1058 1784 1093 ἐκφωνηθέψ

1001 1102 1128 1128 τοσοῦτον
1151 1102 1223 1129 ἔστιν
1248 1102 1391 1129 ὑπολαὸεῖν
1414 1103 1444 1129 τὸ
1461 1103 1570 1138 ἡλιακὸν
1589 1103 1645 1137 φῶς
1665 1102 1704 1137 τῷ
1718 1103 1784 1139 ἀλη-

997 1148 1071 1184 θινῷ,
1089 1149 1126 1180 ὡς
1141 1149 1188 1175 καὶ
1204 1149 1374 1184 ἀσύμὸλητον
1392 1147 1460 1176 εἶναι
1474 1149 1503 1174 τὸ
1520 1149 1611 1184 μέσον.

1039 1283 1131 1310 Ἀλλὰ
1153 1283 1202 1309 καὶ
1224 1283 1295 1316 πρὸς
1312 1282 1375 1316 τὴν
1390 1283 1520 1317 γένεσιν.
1541 1282 1587 1318 Μὴ
1605 1282 1718 1318 νομίσῃς
1738 1283 1785 1310 τὸν

996 1329 1070 1363 ἣλιον
1085 1329 1234 1363 γενέσεως,
1249 1328 1266 1363 ἢ
1283 1328 1365 1363 ζωῆς,
1381 1328 1396 1364 ἢ
1414 1328 1568 1364 αὐξήσεως,
1584 1328 1600 1364 ἢ
1617 1328 1784 1363 τελειότητος

996 1374 1080 1400 αἴτιον
1102 1373 1169 1401 εἶναι
1193 1374 1247 1400 τῶν
1270 1373 1357 1400 ὅντων
1378 1374 1464 1405 τινὸς·
1481 1371 1573 1410 ὥσπερ
1594 1374 1653 1400 οὐδὲ
1675 1373 1738 1400 ἄλλο
1757 1383 1782 1400 τι

997 1420 1165 1455 στοιχεῖονω,
1191 1421 1215 1446 εἰ
1239 1420 1286 1446 καὶ
1311 1420 1412 1455 σφόδρα
1435 1419 1511 1455 τύχοι
1531 1419 1585 1446 τῶν
1611 1420 1781 1454 ἀναγκαίων,

996 1464 1051 1492 οἷον
1073 1466 1102 1492 τὸ
1128 1466 1212 1501 ὕδωρ·
1234 1466 1344 1492 δυνατὸν
1364 1466 1418 1502 γὰρ
1442 1467 1515 1502 ἡμᾶς
1535 1467 1702 1500 διαγενέσθαι
1729 1468 1777 1493 καὶ

997 1512 1071 1547 ἡλίου
1090 1512 1190 1547 χωρὶς,
1216 1512 1263 1538 καὶ
1279 1511 1392 1543 ὓδατος,
1417 1513 1440 1538 εἰ
1463 1512 1510 1538 καὶ
1528 1512 1564 1547 μὴ
1584 1512 1708 1544 τελείως,
1726 1512 1781 1538 ἀλλ’

996 1556 1041 1591 οὖν
1060 1558 1150 1584 ἱκανὸν
1162 1557 1270 1593 χρόνον·
1288 1557 1344 1584 ἀλλ’
1359 1556 1436 1588 εἰδὼς
1450 1559 1464 1584 ὁ
1478 1558 1553 1589 Θεὸς,
1568 1558 1608 1584 ὅτι
1622 1557 1653 1584 τὸ
1674 1559 1721 1593 μὲν
1732 1558 1782 1592 ψυ-

996 1605 1059 1640 χρὸν
1075 1604 1172 1639 [ἅπαν]
1188 1604 1282 1637 ἄγονον
1303 1603 1457 1635 παντελῶς·
1472 1604 1502 1630 τὸ
1521 1604 1549 1630 δὲ
1570 1604 1782 1641 μεμετρημένως

997 1650 1094 1685 θερμὸν
1111 1650 1294 1685 γενεσιουργεῖ
1305 1670 1312 1681 ,
1335 1650 1381 1676 καὶ
1395 1650 1435 1676 ὅτι
1451 1649 1485 1675 τὰ
1502 1650 1573 1684 φυτὰ
1587 1650 1634 1676 καὶ
1649 1649 1684 1676 τὰ
1699 1650 1782 1685 σπέρ-

996 1705 1069 1731 ματα
1080 1696 1246 1731 θερμότητος
1259 1696 1352 1727 δεῖται,
1365 1695 1402 1727 ὡς
1418 1695 1464 1722 καὶ
1474 1695 1508 1721 τὰ
1524 1695 1636 1731 σώματα
1647 1696 1735 1723 πάντα
1747 1696 1782 1724 τὰ

995 1742 1067 1778 ζωὴν
1090 1743 1184 1777 έχοντα
1202 1742 1256 1768 εἴτε
1278 1742 1438 1777 αἰσθητικὴν
1459 1741 1513 1767 εἴτε
1538 1743 1669 1777 φυτικὴν·
1686 1742 1781 1768 καθαί-

997 1798 1086 1824 ρονται
1098 1789 1127 1815 δὲ
1143 1788 1236 1821 πολλὰ,
1251 1788 1288 1820 ὡς
1304 1792 1350 1814 καὶ
1366 1789 1405 1819 εἰς
1419 1787 1567 1822 λευκότητα
1583 1788 1725 1823 φέρεσθαι,
1743 1788 1781 1819 ὡς

995 1835 1106 1870 ἐσθῆτες
1123 1835 1169 1861 καὶ
1185 1835 1265 1861 ἄλλα·
1283 1835 1390 1861 ἀνανεοϊ
1411 1834 1439 1861 δὲ
1453 1835 1499 1860 καὶ
1514 1834 1548 1860 τὰ
1562 1834 1682 1868 ψυγέντα
1696 1834 1779 1869 σπέρ-

996 1890 1086 1916 ματα·
1109 1881 1203 1907 τούτου
1224 1880 1302 1915 χάριν
1325 1880 1369 1906 τὸν
1387 1880 1460 1914 ἥλιον
1482 1880 1567 1911 οὕτως
1584 1880 1654 1915 ἔχειν
1675 1880 1781 1914 φύσεως

994 1927 1135 1962 ἐποίησεν,
1158 1927 1201 1952 ἵνα
1225 1926 1258 1953 τὰ
1283 1926 1414 1961 εἰρημένα
1429 1926 1516 1952 πάντα
1541 1927 1603 1961 ποιῇ
1623 1927 1656 1952 ὲκ
1673 1926 1719 1952 τοῦ
1733 1926 1779 1960 δη-

997 1964 1125 2009 μιουργοῦ
1138 1995 1145 2006 ,
1170 1973 1201 1999 τὺ
1218 1972 1345 1999 δύνασθαι
1369 1972 1457 1999 λα6ὼν
1479 1973 1528 2000 οὐκ
1547 1973 1578 1998 ἐκ
1598 1972 1780 2007 προαιρέσεως

996 2019 1063 2050 ἰδίας
1087 2019 1103 2054 ἢ
1131 2019 1280 2054 δυνάμεως.
1300 2018 1384 2044 Τοῦτο
1405 2018 1512 2048 τελείως
1534 2019 1613 2053 φησὶν
1637 2019 1650 2044 ὁ
1673 2018 1778 2052 ἅγιος’“

995 2066 1146 2097 Διονύσιος,
1163 2065 1257 2090 ἑαυτὸν
1283 2064 1376 2099 ὥσπερ
1394 2064 1611 2099 ἐπεξηγούμενος
1632 2065 1780 2100 κατωτέρω

994 2112 1022 2137 ὲν
1046 2111 1083 2145 τῷ
1108 2110 1177 2136 τέλει
1198 2110 1243 2135 τοῦ
1268 2110 1392 2144 πέμπτου
1416 2110 1576 2144 κεφαλαίου,
1604 2111 1650 2136 καὶ
1683 2111 1711 2137 ἐν
1740 2110 1778 2146 τῷ

992 2157 1063 2182 τέλει
1078 2156 1124 2181 τοῦ
1145 2156 1233 2183 ἕκτου.
1261 2156 1323 2181 Νόει
1345 2154 1428 2191 [οὖν]
1452 2156 1594 2190 ἀσφαλῶς,
1611 2157 1656 2183 καὶ
1675 2157 1712 2192 μὴ
1726 2158 1778 2184 δια-

993 2202 1117 2236 στρέφου.

1027 2248 1142 2281 memor
1156 2248 1231 2274 ἐστΙ.
1257 2248 1363 2283 Μέτρον
1382 2249 1424 2274 διὰ
1445 2248 1523 2274 τοῦτο
1541 2249 1648 2282 λέγεται
1669 2250 1682 2274 ὁ
1704 2250 1778 2284 ἥλιος

995 2294 1040 2319 καὶ
1059 2294 1172 2328 ἀριθμὸς
1187 2294 1279 2329 ὡρῶν,
1297 2295 1390 2330 ἐπειδὴ
1410 2294 1460 2329 τῆς
1481 2295 1583 2329 ἡμέρας
1609 2295 1703 2330 ἄρχει·
1720 2296 1735 2330 ἡ
1750 2296 1778 2322 δὲ

994 2339 1083 2374 ἡμέρα
1105 2340 1327 2375 ἀνακυκλουμένη
1349 2341 1394 2366 τὸν
1417 2341 1509 2375 χρόνον
1533 2343 1616 2367 ποιεῖ·
1637 2342 1680 2368 διὰ
1700 2343 1778 2368 τοῦτο

994 2384 1089 2419 μέτρον
1107 2385 1206 2420 ἐκλήθη
1217 2405 1224 2416 ,
1238 2383 1280 2411 οἶα
1295 2386 1343 2420 τὴν
1357 2386 1491 2421 ἡμετέραν
1508 2387 1613 2422 μετρῶν
1629 2387 1714 2423 ζωήν·
1733 2388 1777 2414 λέ-

992 2439 1033 2463 γει
1049 2431 1102 2465 γὰρ
1118 2431 1228 2463 παντὸς
1244 2431 1294 2458 τοῦ
1306 2432 1369 2458 καθ’
1383 2431 1460 2466 ἡμᾶς
1476 2433 1598 2466 χρόνον.

1026 2477 1102 2502 Αὐτὸ
1128 2477 1183 2511 γάρ
1206 2477 1269 2503 ἐστι
1291 2477 1322 2503 τὸ
1345 2477 1416 2511 φῶς.
1433 2478 1587 2512 Σημείωσαι
1609 2479 1649 2505 ὅτι
1670 2480 1683 2505 ὁ
1702 2479 1776 2513 ἥλιος

991 2521 1037 2547 καὶ
1059 2522 1107 2552 τὰς
1131 2524 1205 2557 τρεῖς
1224 2523 1327 2558 ἡμέρας
1342 2523 1390 2554 τὰς
1406 2524 1457 2557 πρὸ
1477 2524 1525 2558 τῆς
1545 2524 1625 2550 αὑτοῦ
1642 2525 1774 2559 ποιήσεως

994 2567 1122 2600 ἐφώτιζεν
1133 2568 1332 2603 ἀσχημάτιστος
1347 2568 1396 2594 ὥν·
1415 2569 1461 2595 καὶ
1473 2570 1513 2594 ὅτι
1532 2570 1561 2595 τὸ
1576 2570 1773 2605 πρωτόκτιστον

993 2614 1049 2646 φῶς
1067 2615 1098 2649 τῇ
1122 2615 1238 2650 τετάρτῃ
1253 2615 1343 2649 ἡμέρᾳ
1362 2617 1599 2652 μετεσχηματίσθη
1621 2617 1660 2648 εἰς
1679 2615 1771 2654 ἣλιον·

614 2698 728 2726 VARLE
750 2700 943 2728 LECTIONES
962 2701 1006 2729 ET
1027 2702 1298 2733 CORREGTIONES.

193 2749 206 2760 “’
232 2750 316 2785 ›cr-7²:
329 2751 355 2777 δὲ
368 2752 403 2777 τό.
457 2754 476 2767 ·’)
494 2755 545 2781 τῶν
565 2758 710 2790 :waleton
771 2760 787 2774 '⁴¹
805 2759 882 2791 θ;ἰο,’,
