<?xml version="1.0" encoding="UTF-8"?>
<!DOCTYPE html PUBLIC "-//W3C//DTD XHTML 1.0 Transitional//EN"
    "http://www.w3.org/TR/xhtml1/DTD/xhtml1-transitional.dtd">
<html xmlns="http://www.w3.org/1999/xhtml" xml:lang="en" lang="en">
 <head>
  <title>
</title>
<meta http-equiv="Content-Type" content="text/html;charset=utf-8" />
  <meta name='ocr-system' content='tesseract 3.04.00' />
  <meta name='ocr-capabilities' content='ocr_page ocr_carea ocr_par ocr_line ocrx_word'/>
</head>
<body>
  <div class='ocr_page' id='page_1' title='image "./patrologiaecursu04mignuoft/patrologiaecursu04mignuoft_0436.png"; bbox 0 0 1860 2961; ppageno 0'>
   <div class='ocr_carea' id='block_1_1' title="bbox 145 109 1766 139">
    <p class='ocr_par' dir='ltr' id='par_1_1' title="bbox 145 109 1766 139">
     <span class='ocr_line' id='line_1_1' title="bbox 145 109 1766 139; baseline -0.002 0"><span class='ocrx_word' id='word_1_1' title='bbox 145 113 196 139; x_wconf 74' lang='lat'>35⁴.)</span> <span class='ocrx_word' id='word_1_2' title='bbox 735 111 763 137; x_wconf 83' lang='lat' dir='ltr'>S.</span> <span class='ocrx_word' id='word_1_3' title='bbox 784 111 931 138; x_wconf 60' lang='lat' dir='ltr'>uloxYStt</span> <span class='ocrx_word' id='word_1_4' title='bbox 951 110 1180 138; x_wconf 63' lang='lat' dir='ltr'>Atttssot‘ActTAE</span> <span class='ocrx_word' id='word_1_5' title='bbox 1715 109 1766 135; x_wconf 71' lang='lat' dir='ltr'>Set)</span> 
     </span>
    </p>
   </div>
   <div class='ocr_carea' id='block_1_2' title="bbox 104 166 1781 2346">
    <p class='ocr_par' dir='ltr' id='par_1_2' title="bbox 146 166 1766 482">
     <span class='ocr_line' id='line_1_2' title="bbox 147 166 1764 201; baseline -0.001 -6"><span class='ocrx_word' id='word_1_6' title='bbox 147 170 245 196; x_wconf 74' lang='lat' dir='ltr'>colitur</span> <span class='ocrx_word' id='word_1_7' title='bbox 260 175 285 196; x_wconf 83' lang='lat' dir='ltr'>et</span> <span class='ocrx_word' id='word_1_8' title='bbox 305 169 430 201; x_wconf 75' lang='lat' dir='ltr'>liabetur)</span> <span class='ocrx_word' id='word_1_9' title='bbox 449 167 539 194; x_wconf 72' lang='lat' dir='ltr'>vittam</span> <span class='ocrx_word' id='word_1_10' title='bbox 555 167 700 201; x_wconf 79' lang='lat' dir='ltr'>qnamdam</span> <span class='ocrx_word' id='word_1_11' title='bbox 719 168 884 193; x_wconf 84' lang='lat' dir='ltr'>nominatam</span> <span class='ocrx_word' id='word_1_12' title='bbox 901 168 1034 194; x_wconf 84' lang='lat' dir='ltr'>Teiiitnna</span> <span class='ocrx_word' id='word_1_13' title='bbox 1053 168 1078 194; x_wconf 90' lang='lat' dir='ltr'>in</span> <span class='ocrx_word' id='word_1_14' title='bbox 1096 167 1233 193; x_wconf 85' lang='lat' dir='ltr'>territorio</span> <span class='ocrx_word' id='word_1_15' title='bbox 1246 171 1270 192; x_wconf 83' lang='lat' dir='ltr'>et</span> <span class='ocrx_word' id='word_1_16' title='bbox 1284 166 1415 193; x_wconf 86' lang='lat' dir='ltr'>comitatu</span> <span class='ocrx_word' id='word_1_17' title='bbox 1432 167 1506 193; x_wconf 83' lang='lat' dir='ltr'>urbis</span> <span class='ocrx_word' id='word_1_18' title='bbox 1521 174 1579 200; x_wconf 79' lang='lat' dir='ltr'>quac</span> <span class='ocrx_word' id='word_1_19' title='bbox 1595 166 1764 195; x_wconf 75' lang='lat' dir='ltr'>Oxenal&#39;orda</span> 
     </span>
     <span class='ocr_line' id='line_1_3' title="bbox 147 202 1763 236; baseline -0.001 -6"><span class='ocrx_word' id='word_1_20' title='bbox 147 205 258 236; x_wconf 76' lang='lat' dir='ltr'>dicitur,</span> <span class='ocrx_word' id='word_1_21' title='bbox 274 213 336 231; x_wconf 79' lang='lat' dir='ltr'>cuni</span> <span class='ocrx_word' id='word_1_22' title='bbox 352 204 480 229; x_wconf 81' lang='lat' dir='ltr'>omnibus</span> <span class='ocrx_word' id='word_1_23' title='bbox 507 202 703 236; x_wconf 67' lang='lat' dir='ltr'>appendicibus</span> <span class='ocrx_word' id='word_1_24' title='bbox 721 203 789 235; x_wconf 82' lang='lat' dir='ltr'>ejus.</span> <span class='ocrx_word' id='word_1_25' title='bbox 809 204 833 229; x_wconf 89' lang='lat' dir='ltr'>id</span> <span class='ocrx_word' id='word_1_26' title='bbox 858 207 898 228; x_wconf 75' lang='lat' dir='ltr'>est</span> <span class='ocrx_word' id='word_1_27' title='bbox 926 203 1015 235; x_wconf 81' lang='lat' dir='ltr'>terris,</span> <span class='ocrx_word' id='word_1_28' title='bbox 1040 203 1126 233; x_wconf 73' lang='lat' dir='ltr'>silvis,</span> <span class='ocrx_word' id='word_1_29' title='bbox 1144 202 1261 236; x_wconf 69' lang='lat' dir='ltr'>pascui5,</span> <span class='ocrx_word' id='word_1_30' title='bbox 1283 202 1371 234; x_wconf 81' lang='lat' dir='ltr'>aquis.</span> <span class='ocrx_word' id='word_1_31' title='bbox 1389 202 1483 236; x_wconf 85' lang='lat' dir='ltr'>pratis.</span> <span class='ocrx_word' id='word_1_32' title='bbox 1500 202 1579 228; x_wconf 83' lang='lat' dir='ltr'>cultis</span> <span class='ocrx_word' id='word_1_33' title='bbox 1598 207 1625 228; x_wconf 85' lang='lat' dir='ltr'>et</span> <span class='ocrx_word' id='word_1_34' title='bbox 1644 202 1763 230; x_wconf 85' lang='lat' dir='ltr'>incultis.</span> 
     </span>
     <span class='ocr_line' id='line_1_4' title="bbox 147 237 1766 271; baseline -0.002 -5"><span class='ocrx_word' id='word_1_35' title='bbox 147 240 188 266; x_wconf 91' lang='lat' dir='ltr'>Sit</span> <span class='ocrx_word' id='word_1_36' title='bbox 204 245 293 266; x_wconf 81' lang='lat' dir='ltr'>aiitein</span> <span class='ocrx_word' id='word_1_37' title='bbox 309 246 378 265; x_wconf 81' lang='lat' dir='ltr'>terra</span> <span class='ocrx_word' id='word_1_38' title='bbox 393 240 449 264; x_wconf 74' lang='lat' dir='ltr'>time</span> <span class='ocrx_word' id='word_1_39' title='bbox 467 238 593 263; x_wconf 90' lang='lat' dir='ltr'>immunis</span> <span class='ocrx_word' id='word_1_40' title='bbox 607 242 634 263; x_wconf 78' lang='lat' dir='ltr'>et</span> <span class='ocrx_word' id='word_1_41' title='bbox 649 237 731 263; x_wconf 82' lang='lat' dir='ltr'>libera</span> <span class='ocrx_word' id='word_1_42' title='bbox 751 237 784 263; x_wconf 77' lang='lat' dir='ltr'>ab</span> <span class='ocrx_word' id='word_1_43' title='bbox 797 238 868 263; x_wconf 89' lang='lat' dir='ltr'>onini</span> <span class='ocrx_word' id='word_1_44' title='bbox 887 238 1004 271; x_wconf 65' lang='lat' dir='ltr'>negotio,</span> <span class='ocrx_word' id='word_1_45' title='bbox 1022 242 1134 271; x_wconf 70' lang='lat' dir='ltr'>excepta</span> <span class='ocrx_word' id='word_1_46' title='bbox 1148 237 1329 270; x_wconf 73' lang='lat' dir='ltr'>expeditione,</span> <span class='ocrx_word' id='word_1_47' title='bbox 1345 241 1369 262; x_wconf 86' lang='lat' dir='ltr'>et</span> <span class='ocrx_word' id='word_1_48' title='bbox 1388 237 1475 270; x_wconf 87' lang='lat' dir='ltr'>pontis</span> <span class='ocrx_word' id='word_1_49' title='bbox 1490 237 1530 263; x_wconf 87' lang='lat' dir='ltr'>vet</span> <span class='ocrx_word' id='word_1_50' title='bbox 1547 237 1615 263; x_wconf 85' lang='lat' dir='ltr'>arcis</span> <span class='ocrx_word' id='word_1_51' title='bbox 1631 237 1766 263; x_wconf 79' lang='lat' dir='ltr'>instaura-</span> 
     </span>
     <span class='ocr_line' id='line_1_5' title="bbox 149 271 1764 307; baseline -0.001 -7"><span class='ocrx_word' id='word_1_52' title='bbox 149 275 231 302; x_wconf 83' lang='lat' dir='ltr'>tione.</span> <span class='ocrx_word' id='word_1_53' title='bbox 257 275 333 307; x_wconf 74' lang='lat' dir='ltr'>Quod</span> <span class='ocrx_word' id='word_1_54' title='bbox 352 274 373 299; x_wconf 79' lang='lat' dir='ltr'>si</span> <span class='ocrx_word' id='word_1_55' title='bbox 393 274 437 306; x_wconf 87' lang='lat' dir='ltr'>qni</span> <span class='ocrx_word' id='word_1_56' title='bbox 455 273 632 303; x_wconf 77' lang='lat' dir='ltr'>violaverint,</span> <span class='ocrx_word' id='word_1_57' title='bbox 651 273 685 297; x_wconf 81' lang='lat' dir='ltr'>sit</span> <span class='ocrx_word' id='word_1_58' title='bbox 705 280 769 305; x_wconf 85' lang='lat' dir='ltr'>pars</span> <span class='ocrx_word' id='word_1_59' title='bbox 788 280 893 303; x_wconf 80' lang='lat' dir='ltr'>eornm,</span> <span class='ocrx_word' id='word_1_60' title='bbox 912 274 1022 298; x_wconf 79' lang='lat' dir='ltr'>decreto</span> <span class='ocrx_word' id='word_1_61' title='bbox 1039 272 1084 298; x_wconf 81' lang='lat' dir='ltr'>Dei</span> <span class='ocrx_word' id='word_1_62' title='bbox 1099 278 1125 297; x_wconf 80' lang='lat' dir='ltr'>et</span> <span class='ocrx_word' id='word_1_63' title='bbox 1142 279 1218 303; x_wconf 84' lang='lat' dir='ltr'>meo,</span> <span class='ocrx_word' id='word_1_64' title='bbox 1234 272 1410 305; x_wconf 84' lang='lat' dir='ltr'>omniumque</span> <span class='ocrx_word' id='word_1_65' title='bbox 1431 272 1619 305; x_wconf 84' lang='lat' dir='ltr'>episcoporum</span> <span class='ocrx_word' id='word_1_66' title='bbox 1635 271 1764 305; x_wconf 85' lang='lat' dir='ltr'>(quorum</span> 
     </span>
     <span class='ocr_line' id='line_1_6' title="bbox 149 306 1765 342; baseline -0.001 -7"><span class='ocrx_word' id='word_1_67' title='bbox 149 311 258 335; x_wconf 89' lang='lat' dir='ltr'>nomina</span> <span class='ocrx_word' id='word_1_68' title='bbox 278 310 320 335; x_wconf 84' lang='lat' dir='ltr'>liic</span> <span class='ocrx_word' id='word_1_69' title='bbox 337 307 480 342; x_wconf 76' lang='lat' dir='ltr'>initientur)</span> <span class='ocrx_word' id='word_1_70' title='bbox 499 315 560 333; x_wconf 81' lang='lat' dir='ltr'>cuin</span> <span class='ocrx_word' id='word_1_71' title='bbox 575 306 641 333; x_wconf 78' lang='lat' dir='ltr'>Jiida</span> <span class='ocrx_word' id='word_1_72' title='bbox 662 308 806 337; x_wconf 78' lang='lat' dir='ltr'>traditore.</span> <span class='ocrx_word' id='word_1_73' title='bbox 823 316 884 333; x_wconf 83' lang='lat' dir='ltr'>cnm</span> <span class='ocrx_word' id='word_1_74' title='bbox 907 307 1010 333; x_wconf 87' lang='lat' dir='ltr'>Datlian</span> <span class='ocrx_word' id='word_1_75' title='bbox 1023 312 1049 334; x_wconf 85' lang='lat' dir='ltr'>et</span> <span class='ocrx_word' id='word_1_76' title='bbox 1064 308 1176 338; x_wconf 62' lang='lat' dir='ltr'>Attiron,</span> <span class='ocrx_word' id='word_1_77' title='bbox 1195 308 1219 333; x_wconf 84' lang='lat' dir='ltr'>iii</span> <span class='ocrx_word' id='word_1_78' title='bbox 1240 307 1326 340; x_wconf 78' lang='lat' dir='ltr'>ignem</span> <span class='ocrx_word' id='word_1_79' title='bbox 1343 313 1484 337; x_wconf 77' lang='lat' dir='ltr'>aetcrnuin,</span> <span class='ocrx_word' id='word_1_80' title='bbox 1501 306 1544 332; x_wconf 88' lang='lat' dir='ltr'>nbi</span> <span class='ocrx_word' id='word_1_81' title='bbox 1559 307 1656 333; x_wconf 75' lang='lat' dir='ltr'>vermis</span> <span class='ocrx_word' id='word_1_82' title='bbox 1671 314 1765 333; x_wconf 87' lang='lat' dir='ltr'>eorum</span> 
     </span>
     <span class='ocr_line' id='line_1_7' title="bbox 149 341 1764 376; baseline -0.002 -6"><span class='ocrx_word' id='word_1_83' title='bbox 149 353 200 370; x_wconf 94' lang='lat' dir='ltr'>non</span> <span class='ocrx_word' id='word_1_84' title='bbox 222 345 346 374; x_wconf 75' lang='lat' dir='ltr'>moi-itur,</span> <span class='ocrx_word' id='word_1_85' title='bbox 366 349 391 369; x_wconf 90' lang='lat' dir='ltr'>et</span> <span class='ocrx_word' id='word_1_86' title='bbox 415 343 485 376; x_wconf 68' lang='lat' dir='ltr'>ignis</span> <span class='ocrx_word' id='word_1_87' title='bbox 500 351 552 369; x_wconf 89' lang='lat' dir='ltr'>non</span> <span class='ocrx_word' id='word_1_88' title='bbox 571 343 771 375; x_wconf 68' lang='lat' dir='ltr'>exstinguitur;</span> <span class='ocrx_word' id='word_1_89' title='bbox 787 343 838 369; x_wconf 77' lang='lat' dir='ltr'>nisi</span> <span class='ocrx_word' id='word_1_90' title='bbox 857 347 960 368; x_wconf 77' lang='lat' dir='ltr'>reatuin</span> <span class='ocrx_word' id='word_1_91' title='bbox 980 349 1058 368; x_wconf 91' lang='lat' dir='ltr'>suum</span> <span class='ocrx_word' id='word_1_92' title='bbox 1074 350 1166 368; x_wconf 77' lang='lat' dir='ltr'>coi-ain</span> <span class='ocrx_word' id='word_1_93' title='bbox 1183 343 1237 368; x_wconf 82' lang='lat' dir='ltr'>Deo</span> <span class='ocrx_word' id='word_1_94' title='bbox 1254 346 1280 367; x_wconf 73' lang='lat' dir='ltr'>et</span> <span class='ocrx_word' id='word_1_95' title='bbox 1295 346 1388 367; x_wconf 84' lang='lat' dir='ltr'>sancto</span> <span class='ocrx_word' id='word_1_96' title='bbox 1404 341 1531 374; x_wconf 87' lang='lat' dir='ltr'>Dionysio</span> <span class='ocrx_word' id='word_1_97' title='bbox 1548 341 1764 368; x_wconf 72' lang='lat' dir='ltr'>emendaverint.</span> 
     </span>
     <span class='ocr_line' id='line_1_8' title="bbox 146 376 1766 412; baseline -0.002 -7"><span class='ocrx_word' id='word_1_98' title='bbox 146 379 225 405; x_wconf 77' lang='lat' dir='ltr'>Anno</span> <span class='ocrx_word' id='word_1_99' title='bbox 248 379 395 405; x_wconf 67' lang='lat' dir='ltr'>Doininicie</span> <span class='ocrx_word' id='word_1_100' title='bbox 412 378 610 405; x_wconf 79' lang='lat' dir='ltr'>tiicarnationis</span> <span class='ocrx_word' id='word_1_101' title='bbox 633 377 777 403; x_wconf 83' lang='lat' dir='ltr'>millesimo</span> <span class='ocrx_word' id='word_1_102' title='bbox 798 378 1019 412; x_wconf 72' lang='lat' dir='ltr'>quingentesimo</span> <span class='ocrx_word' id='word_1_103' title='bbox 1037 385 1118 407; x_wconf 77' lang='lat' dir='ltr'>nono,</span> <span class='ocrx_word' id='word_1_104' title='bbox 1143 387 1151 403; x_wconf 81' lang='grc' dir='ltr'>ι</span> <span class='ocrx_word' id='word_1_105' title='bbox 1169 382 1221 403; x_wconf 86' lang='lat' dir='ltr'>etc.</span> <span class='ocrx_word' id='word_1_106' title='bbox 1240 376 1286 403; x_wconf 82' lang='lat' dir='ltr'>llis</span> <span class='ocrx_word' id='word_1_107' title='bbox 1310 376 1406 403; x_wconf 86' lang='lat' dir='ltr'>litteris</span> <span class='ocrx_word' id='word_1_108' title='bbox 1432 376 1511 409; x_wconf 64' lang='lat' dir='ltr'>regia}</span> <span class='ocrx_word' id='word_1_109' title='bbox 1534 376 1688 402; x_wconf 83' lang='lat' dir='ltr'>donationis</span> <span class='ocrx_word' id='word_1_110' title='bbox 1703 376 1766 402; x_wconf 73' lang='lat' dir='ltr'>snt)-</span> 
     </span>
     <span class='ocr_line' id='line_1_9' title="bbox 147 411 1766 447; baseline -0.001 -8"><span class='ocrx_word' id='word_1_111' title='bbox 147 414 312 447; x_wconf 73' lang='lat' dir='ltr'>seripseraiit</span> <span class='ocrx_word' id='word_1_112' title='bbox 326 414 434 439; x_wconf 87' lang='lat' dir='ltr'>nomina</span> <span class='ocrx_word' id='word_1_113' title='bbox 451 422 508 444; x_wconf 78' lang='lat' dir='ltr'>sua.</span> <span class='ocrx_word' id='word_1_114' title='bbox 525 413 612 446; x_wconf 84' lang='lat' dir='ltr'>primo</span> <span class='ocrx_word' id='word_1_115' title='bbox 630 420 677 439; x_wconf 81' lang='lat' dir='ltr'>rex</span> <span class='ocrx_word' id='word_1_116' title='bbox 693 418 719 439; x_wconf 91' lang='lat' dir='ltr'>et</span> <span class='ocrx_word' id='word_1_117' title='bbox 735 414 844 447; x_wconf 80' lang='lat' dir='ltr'>regina,</span> <span class='ocrx_word' id='word_1_118' title='bbox 862 413 959 439; x_wconf 85' lang='lat' dir='ltr'>deinde</span> <span class='ocrx_word' id='word_1_119' title='bbox 974 413 1029 438; x_wconf 90' lang='lat' dir='ltr'>duo</span> <span class='ocrx_word' id='word_1_120' title='bbox 1047 412 1257 447; x_wconf 79' lang='lat' dir='ltr'>archiepiscopi,</span> <span class='ocrx_word' id='word_1_121' title='bbox 1272 417 1327 438; x_wconf 89' lang='lat' dir='ltr'>tuni</span> <span class='ocrx_word' id='word_1_122' title='bbox 1344 411 1463 446; x_wconf 79' lang='lat' dir='ltr'>episcopi</span> <span class='ocrx_word' id='word_1_123' title='bbox 1487 418 1534 437; x_wconf 87' lang='lat' dir='ltr'>sex</span> <span class='ocrx_word' id='word_1_124' title='bbox 1547 431 1554 442; x_wconf 91' lang='lat'><em>‚</em></span> <span class='ocrx_word' id='word_1_125' title='bbox 1573 415 1666 444; x_wconf 88' lang='lat' dir='ltr'>postea</span> <span class='ocrx_word' id='word_1_126' title='bbox 1683 411 1766 438; x_wconf 87' lang='lat' dir='ltr'>duces</span> 
     </span>
     <span class='ocr_line' id='line_1_10' title="bbox 146 449 533 482; baseline 0 -9"><span class='ocrx_word' id='word_1_127' title='bbox 146 449 276 482; x_wconf 82' lang='lat' dir='ltr'>quinque,</span> <span class='ocrx_word' id='word_1_128' title='bbox 295 449 421 482; x_wconf 69' lang='lat' dir='ltr'>deinceps</span> <span class='ocrx_word' id='word_1_129' title='bbox 438 449 533 475; x_wconf 87' lang='lat' dir='ltr'>etalii.</span> 
     </span>
    </p>

    <p class='ocr_par' dir='ltr' id='par_1_3' title="bbox 104 481 1773 903">
     <span class='ocr_line' id='line_1_11' title="bbox 183 481 1767 516; baseline -0.001 -8"><span class='ocrx_word' id='word_1_130' title='bbox 183 484 236 509; x_wconf 76' lang='lat' dir='ltr'>Sed</span> <span class='ocrx_word' id='word_1_131' title='bbox 251 484 305 509; x_wconf 64' lang='lat' dir='ltr'>iimo</span> <span class='ocrx_word' id='word_1_132' title='bbox 328 484 418 510; x_wconf 88' lang='lat' dir='ltr'>studio</span> <span class='ocrx_word' id='word_1_133' title='bbox 434 483 577 510; x_wconf 88' lang='lat' dir='ltr'>brevitatis</span> <span class='ocrx_word' id='word_1_134' title='bbox 593 483 699 515; x_wconf 81' lang='lat' dir='ltr'>omitto,</span> <span class='ocrx_word' id='word_1_135' title='bbox 714 488 741 509; x_wconf 93' lang='lat' dir='ltr'>et</span> <span class='ocrx_word' id='word_1_136' title='bbox 755 483 787 508; x_wconf 89' lang='lat' dir='ltr'>ab</span> <span class='ocrx_word' id='word_1_137' title='bbox 801 482 948 516; x_wconf 70' lang='lat' dir='ltr'>Angtoruin</span> <span class='ocrx_word' id='word_1_138' title='bbox 971 483 1080 516; x_wconf 85' lang='lat' dir='ltr'>pictate,</span> <span class='ocrx_word' id='word_1_139' title='bbox 1095 482 1127 509; x_wconf 90' lang='lat' dir='ltr'>de</span> <span class='ocrx_word' id='word_1_140' title='bbox 1143 490 1193 516; x_wconf 88' lang='lat' dir='ltr'>qua</span> <span class='ocrx_word' id='word_1_141' title='bbox 1221 487 1247 509; x_wconf 86' lang='lat' dir='ltr'>et</span> <span class='ocrx_word' id='word_1_142' title='bbox 1273 482 1386 508; x_wconf 76' lang='lat' dir='ltr'>interius</span> <span class='ocrx_word' id='word_1_143' title='bbox 1409 488 1500 508; x_wconf 83' lang='lat' dir='ltr'>serino</span> <span class='ocrx_word' id='word_1_144' title='bbox 1524 481 1589 507; x_wconf 84' lang='lat' dir='ltr'>milii</span> <span class='ocrx_word' id='word_1_145' title='bbox 1614 481 1767 508; x_wconf 75' lang='lat' dir='ltr'>necessario</span> 
     </span>
     <span class='ocr_line' id='line_1_12' title="bbox 149 516 1766 552; baseline -0.001 -9"><span class='ocrx_word' id='word_1_146' title='bbox 149 518 332 545; x_wconf 83' lang='lat' dir='ltr'>instituendus</span> <span class='ocrx_word' id='word_1_147' title='bbox 347 524 398 551; x_wconf 84' lang='lat' dir='ltr'>est,</span> <span class='ocrx_word' id='word_1_148' title='bbox 423 519 450 545; x_wconf 89' lang='lat' dir='ltr'>in</span> <span class='ocrx_word' id='word_1_149' title='bbox 474 519 617 545; x_wconf 85' lang='lat' dir='ltr'>Franciam</span> <span class='ocrx_word' id='word_1_150' title='bbox 634 519 728 552; x_wconf 80' lang='lat' dir='ltr'>pedem</span> <span class='ocrx_word' id='word_1_151' title='bbox 745 518 844 544; x_wconf 82' lang='lat' dir='ltr'>rei&#39;ero.</span> <span class='ocrx_word' id='word_1_152' title='bbox 863 517 947 544; x_wconf 80' lang='lat' dir='ltr'>Vocat</span> <span class='ocrx_word' id='word_1_153' title='bbox 967 518 1086 544; x_wconf 83' lang='lat' dir='ltr'>enimait</span> <span class='ocrx_word' id='word_1_154' title='bbox 1102 525 1141 547; x_wconf 80' lang='lat' dir='ltr'>se.</span> <span class='ocrx_word' id='word_1_155' title='bbox 1165 524 1243 550; x_wconf 81' lang='lat' dir='ltr'>quein</span> <span class='ocrx_word' id='word_1_156' title='bbox 1261 517 1392 543; x_wconf 78' lang='lat' dir='ltr'>hactenus</span> <span class='ocrx_word' id='word_1_157' title='bbox 1410 517 1502 549; x_wconf 83' lang='lat' dir='ltr'>omisi,</span> <span class='ocrx_word' id='word_1_158' title='bbox 1518 516 1547 543; x_wconf 86' lang='lat' dir='ltr'>S.</span> <span class='ocrx_word' id='word_1_159' title='bbox 1564 516 1677 548; x_wconf 54' lang='lat' dir='ltr'>Euxinis,</span> <span class='ocrx_word' id='word_1_160' title='bbox 1694 521 1719 542; x_wconf 83' lang='lat' dir='ltr'>ot</span> <span class='ocrx_word' id='word_1_161' title='bbox 1741 517 1766 542; x_wconf 92' lang='lat' dir='ltr'>in</span> 
     </span>
     <span class='ocr_line' id='line_1_13' title="bbox 151 551 1768 588; baseline -0.002 -9"><span class='ocrx_word' id='word_1_162' title='bbox 151 554 179 579; x_wconf 75' lang='lat' dir='ltr'>S.</span> <span class='ocrx_word' id='word_1_163' title='bbox 199 554 320 588; x_wconf 85' lang='lat' dir='ltr'>Dionysii</span> <span class='ocrx_word' id='word_1_164' title='bbox 335 555 436 581; x_wconf 85' lang='lat' dir='ltr'>lionore</span> <span class='ocrx_word' id='word_1_165' title='bbox 452 554 568 588; x_wconf 86' lang='lat' dir='ltr'>spectari</span> <span class='ocrx_word' id='word_1_166' title='bbox 587 559 673 580; x_wconf 81' lang='lat' dir='ltr'>arteni</span> <span class='ocrx_word' id='word_1_167' title='bbox 690 561 765 579; x_wconf 85' lang='lat' dir='ltr'>suam</span> <span class='ocrx_word' id='word_1_168' title='bbox 783 553 860 586; x_wconf 79' lang='lat' dir='ltr'>petit.</span> <span class='ocrx_word' id='word_1_169' title='bbox 872 553 920 579; x_wconf 77' lang='lat' dir='ltr'>Cui</span> <span class='ocrx_word' id='word_1_170' title='bbox 934 560 999 579; x_wconf 81' lang='lat' dir='ltr'>sane</span> <span class='ocrx_word' id='word_1_171' title='bbox 1013 553 1083 578; x_wconf 86' lang='lat' dir='ltr'>iuter</span> <span class='ocrx_word' id='word_1_172' title='bbox 1096 553 1143 578; x_wconf 61' lang='lat' dir='ltr'>aevi</span> <span class='ocrx_word' id='word_1_173' title='bbox 1161 553 1233 578; x_wconf 88' lang='lat' dir='ltr'>itlius</span> <span class='ocrx_word' id='word_1_174' title='bbox 1244 552 1372 578; x_wconf 80' lang='lat' dir='ltr'>aurifices</span> <span class='ocrx_word' id='word_1_175' title='bbox 1389 552 1467 578; x_wconf 79' lang='lat' dir='ltr'>facite</span> <span class='ocrx_word' id='word_1_176' title='bbox 1480 552 1605 585; x_wconf 79' lang='lat' dir='ltr'>principi,</span> <span class='ocrx_word' id='word_1_177' title='bbox 1621 551 1684 577; x_wconf 89' lang='lat' dir='ltr'>etin</span> <span class='ocrx_word' id='word_1_178' title='bbox 1699 559 1768 585; x_wconf 87' lang='lat' dir='ltr'>opus</span> 
     </span>
     <span class='ocr_line' id='line_1_14' title="bbox 148 586 1768 624; baseline -0.001 -11"><span class='ocrx_word' id='word_1_179' title='bbox 148 589 219 621; x_wconf 83' lang='lat' dir='ltr'>qnod</span> <span class='ocrx_word' id='word_1_180' title='bbox 236 591 267 615; x_wconf 86' lang='lat' dir='ltr'>ad</span> <span class='ocrx_word' id='word_1_181' title='bbox 288 589 317 615; x_wconf 78' lang='grc' dir='ltr'>Β.</span> <span class='ocrx_word' id='word_1_182' title='bbox 336 590 456 624; x_wconf 74' lang='lat' dir='ltr'>Dionysii</span> <span class='ocrx_word' id='word_1_183' title='bbox 475 590 616 622; x_wconf 73' lang='lat' dir='ltr'>spectabat</span> <span class='ocrx_word' id='word_1_184' title='bbox 633 594 836 620; x_wconf 76' lang='lat' dir='ltr'>ornamentum,</span> <span class='ocrx_word' id='word_1_185' title='bbox 854 592 908 614; x_wconf 87' lang='lat' dir='ltr'>toto</span> <span class='ocrx_word' id='word_1_186' title='bbox 925 589 995 621; x_wconf 88' lang='lat' dir='ltr'>quod</span> <span class='ocrx_word' id='word_1_187' title='bbox 1013 589 1098 618; x_wconf 83' lang='lat' dir='ltr'>aiunt,</span> <span class='ocrx_word' id='word_1_188' title='bbox 1123 588 1215 613; x_wconf 86' lang='lat' dir='ltr'>animo</span> <span class='ocrx_word' id='word_1_189' title='bbox 1232 593 1258 613; x_wconf 87' lang='lat' dir='ltr'>et</span> <span class='ocrx_word' id='word_1_190' title='bbox 1281 595 1394 620; x_wconf 88' lang='lat' dir='ltr'>corpore</span> <span class='ocrx_word' id='word_1_191' title='bbox 1419 587 1596 618; x_wconf 84' lang='lat' dir='ltr'>incumbenti,</span> <span class='ocrx_word' id='word_1_192' title='bbox 1623 586 1694 612; x_wconf 87' lang='lat' dir='ltr'>tiaud</span> <span class='ocrx_word' id='word_1_193' title='bbox 1715 594 1768 612; x_wconf 83' lang='lat' dir='ltr'>me-</span> 
     </span>
     <span class='ocr_line' id='line_1_15' title="bbox 122 621 1766 657; baseline -0.002 -8"><span class='ocrx_word' id='word_1_194' title='bbox 122 645 124 649; x_wconf 71' lang='lat'>,</span> <span class='ocrx_word' id='word_1_195' title='bbox 149 625 250 651; x_wconf 77' lang='lat' dir='ltr'>diui-ris</span> <span class='ocrx_word' id='word_1_196' title='bbox 273 625 331 650; x_wconf 88' lang='lat' dir='ltr'>taus</span> <span class='ocrx_word' id='word_1_197' title='bbox 356 624 468 650; x_wconf 79' lang='lat' dir='ltr'>debetur</span> <span class='ocrx_word' id='word_1_198' title='bbox 485 631 492 649; x_wconf 92' lang='lat'><strong>:</strong></span> <span class='ocrx_word' id='word_1_199' title='bbox 509 625 561 650; x_wconf 90' lang='lat' dir='ltr'>imo</span> <span class='ocrx_word' id='word_1_200' title='bbox 578 629 605 650; x_wconf 88' lang='lat' dir='ltr'>et</span> <span class='ocrx_word' id='word_1_201' title='bbox 621 623 808 649; x_wconf 61' lang='lat' dir='ltr'>Novioineiisis</span> <span class='ocrx_word' id='word_1_202' title='bbox 833 623 1016 656; x_wconf 72' lang='lat' dir='ltr'>episcopatus,</span> <span class='ocrx_word' id='word_1_203' title='bbox 1032 623 1076 657; x_wconf 90' lang='lat' dir='ltr'>qui</span> <span class='ocrx_word' id='word_1_204' title='bbox 1096 628 1155 656; x_wconf 90' lang='lat' dir='ltr'>post</span> <span class='ocrx_word' id='word_1_205' title='bbox 1172 622 1302 648; x_wconf 72' lang='lat' dir='ltr'>divinitus</span> <span class='ocrx_word' id='word_1_206' title='bbox 1318 623 1341 648; x_wconf 85' lang='lat' dir='ltr'>ei</span> <span class='ocrx_word' id='word_1_207' title='bbox 1364 622 1482 648; x_wconf 86' lang='lat' dir='ltr'>tributus</span> <span class='ocrx_word' id='word_1_208' title='bbox 1495 627 1545 653; x_wconf 81' lang='lat' dir='ltr'>est,</span> <span class='ocrx_word' id='word_1_209' title='bbox 1563 626 1591 647; x_wconf 88' lang='grc' dir='ltr'>ιιι</span> <span class='ocrx_word' id='word_1_210' title='bbox 1607 629 1670 654; x_wconf 85' lang='lat' dir='ltr'>pars</span> <span class='ocrx_word' id='word_1_211' title='bbox 1687 621 1766 651; x_wconf 81' lang='lat' dir='ltr'>soi-te,</span> 
     </span>
     <span class='ocr_line' id='line_1_16' title="bbox 149 657 1767 693; baseline -0.001 -9"><span class='ocrx_word' id='word_1_212' title='bbox 149 659 236 692; x_wconf 69' lang='lat' dir='ltr'>:itxqiia</span> <span class='ocrx_word' id='word_1_213' title='bbox 254 659 368 690; x_wconf 62' lang='lat' dir='ltr'>nummii,</span> <span class='ocrx_word' id='word_1_214' title='bbox 387 664 563 693; x_wconf 74' lang='lat' dir='ltr'>procuratore</span> <span class='ocrx_word' id='word_1_215' title='bbox 579 659 648 692; x_wconf 84' lang='lat' dir='ltr'>apud</span> <span class='ocrx_word' id='word_1_216' title='bbox 666 660 747 685; x_wconf 87' lang='lat' dir='ltr'>Deum</span> <span class='ocrx_word' id='word_1_217' title='bbox 772 658 910 692; x_wconf 85' lang='lat' dir='ltr'>Dionysio,</span> <span class='ocrx_word' id='word_1_218' title='bbox 927 658 995 683; x_wconf 89' lang='lat' dir='ltr'>t&#39;elici</span> <span class='ocrx_word' id='word_1_219' title='bbox 1012 663 1088 684; x_wconf 84' lang='lat' dir='ltr'>sorte</span> <span class='ocrx_word' id='word_1_220' title='bbox 1099 658 1205 691; x_wconf 77' lang='lat' dir='ltr'>obtigit.</span> <span class='ocrx_word' id='word_1_221' title='bbox 1222 658 1288 683; x_wconf 89' lang='lat' dir='ltr'>Nain</span> <span class='ocrx_word' id='word_1_222' title='bbox 1306 657 1384 691; x_wconf 84' lang='lat' dir='ltr'>longe</span> <span class='ocrx_word' id='word_1_223' title='bbox 1403 657 1600 683; x_wconf 84' lang='lat' dir='ltr'>nobilissimum</span> <span class='ocrx_word' id='word_1_224' title='bbox 1615 657 1703 682; x_wconf 86' lang='lat' dir='ltr'>eidem</span> <span class='ocrx_word' id='word_1_225' title='bbox 1718 664 1767 683; x_wconf 90' lang='lat' dir='ltr'>siio</span> 
     </span>
     <span class='ocr_line' id='line_1_17' title="bbox 123 691 1768 728; baseline -0.002 -9"><span class='ocrx_word' id='word_1_226' title='bbox 123 701 127 719; x_wconf 65' lang='lat' dir='ltr'>t</span> <span class='ocrx_word' id='word_1_227' title='bbox 149 699 176 719; x_wconf 83' lang='lat' dir='ltr'>et</span> <span class='ocrx_word' id='word_1_228' title='bbox 187 696 275 720; x_wconf 85' lang='lat' dir='ltr'>omnis</span> <span class='ocrx_word' id='word_1_229' title='bbox 290 695 384 721; x_wconf 70' lang='lat' dir='ltr'>Galliae</span> <span class='ocrx_word' id='word_1_230' title='bbox 397 700 511 728; x_wconf 88' lang='lat' dir='ltr'>patrono</span> <span class='ocrx_word' id='word_1_231' title='bbox 527 695 552 720; x_wconf 91' lang='lat' dir='ltr'>in</span> <span class='ocrx_word' id='word_1_232' title='bbox 567 694 680 719; x_wconf 81' lang='lat' dir='ltr'>civitate</span> <span class='ocrx_word' id='word_1_233' title='bbox 701 693 847 720; x_wconf 82' lang='lat' dir='ltr'>Parisiensi</span> <span class='ocrx_word' id='word_1_234' title='bbox 864 693 983 719; x_wconf 74' lang='lat' dir='ltr'>condidit</span> <span class='ocrx_word' id='word_1_235' title='bbox 999 693 1175 723; x_wconf 74' lang='lat' dir='ltr'>mausoleum,</span> <span class='ocrx_word' id='word_1_236' title='bbox 1202 693 1245 719; x_wconf 78' lang='lat' dir='ltr'>cui</span> <span class='ocrx_word' id='word_1_237' title='bbox 1266 698 1292 719; x_wconf 89' lang='lat' dir='ltr'>et</span> <span class='ocrx_word' id='word_1_238' title='bbox 1310 697 1409 718; x_wconf 81' lang='lat' dir='ltr'>tectum</span> <span class='ocrx_word' id='word_1_239' title='bbox 1425 700 1490 717; x_wconf 87' lang='lat' dir='ltr'>auro</span> <span class='ocrx_word' id='word_1_240' title='bbox 1505 691 1671 725; x_wconf 83' lang='lat' dir='ltr'>geminisque</span> <span class='ocrx_word' id='word_1_241' title='bbox 1686 696 1768 724; x_wconf 65' lang='lat' dir='ltr'>opere</span> 
     </span>
     <span class='ocr_line' id='line_1_18' title="bbox 104 726 1773 762; baseline -0.001 -8"><span class='ocrx_word' id='word_1_242' title='bbox 104 749 110 755; x_wconf 79' lang='lat'>.</span> <span class='ocrx_word' id='word_1_243' title='bbox 150 729 266 755; x_wconf 79' lang='lat' dir='ltr'>mirilico</span> <span class='ocrx_word' id='word_1_244' title='bbox 280 731 460 755; x_wconf 76' lang='lat' dir='ltr'>incriisiannii</span> <span class='ocrx_word' id='word_1_245' title='bbox 476 729 659 762; x_wconf 77' lang='lat' dir='ltr'>superposuit.</span> <span class='ocrx_word' id='word_1_246' title='bbox 673 728 731 761; x_wconf 83' lang='lat' dir='ltr'>Quo</span> <span class='ocrx_word' id='word_1_247' title='bbox 744 728 853 762; x_wconf 79' lang='lat' dir='ltr'>quidem</span> <span class='ocrx_word' id='word_1_248' title='bbox 871 728 896 754; x_wconf 90' lang='lat' dir='ltr'>iii</span> <span class='ocrx_word' id='word_1_249' title='bbox 912 735 994 761; x_wconf 82' lang='lat' dir='ltr'>opere</span> <span class='ocrx_word' id='word_1_250' title='bbox 1007 729 1113 753; x_wconf 85' lang='lat' dir='ltr'>tametsi</span> <span class='ocrx_word' id='word_1_251' title='bbox 1129 728 1200 760; x_wconf 73' lang='lat' dir='ltr'>regis</span> <span class='ocrx_word' id='word_1_252' title='bbox 1216 728 1360 762; x_wconf 75' lang='lat' dir='ltr'>Dagotierti</span> <span class='ocrx_word' id='word_1_253' title='bbox 1375 727 1522 753; x_wconf 78' lang='lat' dir='ltr'>liberalitas</span> <span class='ocrx_word' id='word_1_254' title='bbox 1535 734 1566 752; x_wconf 86' lang='lat' dir='ltr'>ac</span> <span class='ocrx_word' id='word_1_255' title='bbox 1582 726 1773 752; x_wconf 72' lang='lat' dir='ltr'>munificentiav</span> 
     </span>
     <span class='ocr_line' id='line_1_19' title="bbox 120 762 1768 797; baseline -0.001 -9"><span class='ocrx_word' id='word_1_256' title='bbox 120 771 124 774; x_wconf 89' lang='lat'>·</span> <span class='ocrx_word' id='word_1_257' title='bbox 149 765 279 796; x_wconf 48' lang='lat' dir='ltr'>prae-‘tare</span> <span class='ocrx_word' id='word_1_258' title='bbox 297 764 483 797; x_wconf 64' lang='lat' dir='ltr'>resplenduit,</span> <span class='ocrx_word' id='word_1_259' title='bbox 512 770 599 790; x_wconf 79' lang='lat' dir='ltr'>tamen</span> <span class='ocrx_word' id='word_1_260' title='bbox 617 772 697 789; x_wconf 87' lang='lat' dir='ltr'>omne</span> <span class='ocrx_word' id='word_1_261' title='bbox 718 764 776 789; x_wconf 87' lang='lat' dir='ltr'>auri</span> <span class='ocrx_word' id='word_1_262' title='bbox 800 770 1023 797; x_wconf 80' lang='lat' dir='ltr'>gemmarumque</span> <span class='ocrx_word' id='word_1_263' title='bbox 1043 763 1157 796; x_wconf 86' lang='lat' dir='ltr'>pretium</span> <span class='ocrx_word' id='word_1_264' title='bbox 1179 762 1248 788; x_wconf 85' lang='lat' dir='ltr'>iiisra</span> <span class='ocrx_word' id='word_1_265' title='bbox 1267 764 1334 789; x_wconf 85' lang='lat' dir='ltr'>artis</span> <span class='ocrx_word' id='word_1_266' title='bbox 1349 770 1380 789; x_wconf 84' lang='lat' dir='ltr'>ac</span> <span class='ocrx_word' id='word_1_267' title='bbox 1397 762 1535 788; x_wconf 78' lang='lat' dir='ltr'>industria:</span> <span class='ocrx_word' id='word_1_268' title='bbox 1559 762 1768 787; x_wconf 68' lang='lat' dir='ltr'>aestimationem</span> 
     </span>
     <span class='ocr_line' id='line_1_20' title="bbox 150 797 1766 833; baseline -0.002 -9"><span class='ocrx_word' id='word_1_269' title='bbox 150 800 198 825; x_wconf 79' lang='grc' dir='ltr'>ιἰιιι</span> <span class='ocrx_word' id='word_1_270' title='bbox 212 799 279 833; x_wconf 68' lang='lat'>(27).</span> <span class='ocrx_word' id='word_1_271' title='bbox 300 809 308 824; x_wconf 79' lang='lat' dir='ltr'>i</span> <span class='ocrx_word' id='word_1_272' title='bbox 329 800 445 825; x_wconf 82' lang='lat' dir='ltr'>Tantum</span> <span class='ocrx_word' id='word_1_273' title='bbox 465 800 537 826; x_wconf 85' lang='lat' dir='ltr'>enim</span> <span class='ocrx_word' id='word_1_274' title='bbox 556 799 610 825; x_wconf 90' lang='lat' dir='ltr'>ittic</span> <span class='ocrx_word' id='word_1_275' title='bbox 628 800 668 832; x_wconf 92' lang='lat' dir='ltr'>(ut</span> <span class='ocrx_word' id='word_1_276' title='bbox 685 799 713 826; x_wconf 83' lang='lat' dir='ltr'>S.</span> <span class='ocrx_word' id='word_1_277' title='bbox 732 798 856 825; x_wconf 81' lang='lat' dir='ltr'>Audoeni</span> <span class='ocrx_word' id='word_1_278' title='bbox 872 797 961 824; x_wconf 85' lang='lat' dir='ltr'>verbis</span> <span class='ocrx_word' id='word_1_279' title='bbox 979 798 1049 832; x_wconf 86' lang='lat' dir='ltr'>utar)</span> <span class='ocrx_word' id='word_1_280' title='bbox 1069 798 1259 831; x_wconf 78' lang='lat' dir='ltr'>suppeditante</span> <span class='ocrx_word' id='word_1_281' title='bbox 1278 805 1339 831; x_wconf 74' lang='lat' dir='ltr'>rege</span> <span class='ocrx_word' id='word_1_282' title='bbox 1357 804 1433 823; x_wconf 88' lang='lat' dir='ltr'>suani</span> <span class='ocrx_word' id='word_1_283' title='bbox 1454 797 1577 824; x_wconf 68' lang='lat' dir='ltr'>exercuit</span> <span class='ocrx_word' id='word_1_284' title='bbox 1594 797 1766 828; x_wconf 84' lang='lat' dir='ltr'>industriam,</span> 
     </span>
     <span class='ocr_line' id='line_1_21' title="bbox 152 832 1767 868; baseline -0.002 -9"><span class='ocrx_word' id='word_1_285' title='bbox 152 839 235 868; x_wconf 80' lang='lat' dir='ltr'>atque</span> <span class='ocrx_word' id='word_1_286' title='bbox 252 836 287 860; x_wconf 83' lang='lat' dir='ltr'>iia</span> <span class='ocrx_word' id='word_1_287' title='bbox 304 842 380 860; x_wconf 89' lang='lat' dir='ltr'>sinim</span> <span class='ocrx_word' id='word_1_288' title='bbox 395 834 543 860; x_wconf 69' lang='lat' dir='ltr'>declaravit</span> <span class='ocrx_word' id='word_1_289' title='bbox 559 835 696 868; x_wconf 73' lang='lat' dir='ltr'>ingenium</span> <span class='ocrx_word' id='word_1_290' title='bbox 712 840 739 860; x_wconf 85' lang='lat' dir='ltr'>et</span> <span class='ocrx_word' id='word_1_291' title='bbox 751 834 909 863; x_wconf 84' lang='lat' dir='ltr'>artiticinin,</span> <span class='ocrx_word' id='word_1_292' title='bbox 922 838 949 859; x_wconf 86' lang='grc' dir='ltr'>ιιι</span> <span class='ocrx_word' id='word_1_293' title='bbox 962 840 1031 867; x_wconf 79' lang='lat' dir='ltr'>pene</span> <span class='ocrx_word' id='word_1_294' title='bbox 1043 832 1179 867; x_wconf 82' lang='lat' dir='ltr'>singulare</span> <span class='ocrx_word' id='word_1_295' title='bbox 1190 833 1263 859; x_wconf 87' lang='lat' dir='ltr'>sitin</span> <span class='ocrx_word' id='word_1_296' title='bbox 1277 832 1370 860; x_wconf 86' lang='lat' dir='ltr'>Galliis</span> <span class='ocrx_word' id='word_1_297' title='bbox 1382 836 1582 863; x_wconf 85' lang='lat' dir='ltr'>ornamentum,</span> <span class='ocrx_word' id='word_1_298' title='bbox 1595 832 1659 858; x_wconf 88' lang='lat' dir='ltr'>etin</span> <span class='ocrx_word' id='word_1_299' title='bbox 1673 839 1767 865; x_wconf 86' lang='lat' dir='ltr'>magna</span> 
     </span>
     <span class='ocr_line' id='line_1_22' title="bbox 148 870 914 903; baseline -0.001 -9"><span class='ocrx_word' id='word_1_300' title='bbox 148 870 270 895; x_wconf 88' lang='lat' dir='ltr'>oninium</span> <span class='ocrx_word' id='word_1_301' title='bbox 288 870 468 896; x_wconf 74' lang='lat' dir='ltr'>admiratione</span> <span class='ocrx_word' id='word_1_302' title='bbox 483 878 566 903; x_wconf 86' lang='lat' dir='ltr'>usque</span> <span class='ocrx_word' id='word_1_303' title='bbox 583 871 607 895; x_wconf 87' lang='lat' dir='ltr'>in</span> <span class='ocrx_word' id='word_1_304' title='bbox 626 870 785 895; x_wconf 78' lang='lat' dir='ltr'>hodiernum</span> <span class='ocrx_word' id='word_1_305' title='bbox 803 870 886 895; x_wconf 78' lang='lat' dir='ltr'>diem.</span> <span class='ocrx_word' id='word_1_306' title='bbox 905 878 914 893; x_wconf 71' lang='grc' dir='ltr'>ι</span> 
     </span>
    </p>

    <p class='ocr_par' dir='ltr' id='par_1_4' title="bbox 147 901 1781 1747">
     <span class='ocr_line' id='line_1_23' title="bbox 188 901 1769 939; baseline -0.002 -9"><span class='ocrx_word' id='word_1_307' title='bbox 188 904 268 939; x_wconf 80' lang='lat'>525</span> <span class='ocrx_word' id='word_1_308' title='bbox 284 904 376 930; x_wconf 74' lang='lat' dir='ltr'>Liceat</span> <span class='ocrx_word' id='word_1_309' title='bbox 394 905 458 930; x_wconf 86' lang='lat' dir='ltr'>initii</span> <span class='ocrx_word' id='word_1_310' title='bbox 476 906 501 930; x_wconf 91' lang='lat' dir='ltr'>in</span> <span class='ocrx_word' id='word_1_311' title='bbox 522 907 617 931; x_wconf 88' lang='lat' dir='ltr'>tiorum</span> <span class='ocrx_word' id='word_1_312' title='bbox 639 912 767 931; x_wconf 87' lang='lat' dir='ltr'>coionain</span> <span class='ocrx_word' id='word_1_313' title='bbox 790 908 961 934; x_wconf 82' lang='lat' dir='ltr'>sanctoruni,</span> <span class='ocrx_word' id='word_1_314' title='bbox 984 902 1030 936; x_wconf 84' lang='lat' dir='ltr'>qui</span> <span class='ocrx_word' id='word_1_315' title='bbox 1052 901 1081 928; x_wconf 89' lang='lat' dir='ltr'>S.</span> <span class='ocrx_word' id='word_1_316' title='bbox 1105 901 1226 937; x_wconf 81' lang='lat' dir='ltr'>Dionysii</span> <span class='ocrx_word' id='word_1_317' title='bbox 1241 901 1334 937; x_wconf 74' lang='lat' dir='ltr'>glorIae</span> <span class='ocrx_word' id='word_1_318' title='bbox 1357 906 1384 928; x_wconf 88' lang='lat' dir='ltr'>et</span> <span class='ocrx_word' id='word_1_319' title='bbox 1404 901 1502 928; x_wconf 84' lang='lat' dir='ltr'>honori</span> <span class='ocrx_word' id='word_1_320' title='bbox 1527 901 1703 933; x_wconf 81' lang='lat' dir='ltr'>studuerunt.</span> <span class='ocrx_word' id='word_1_321' title='bbox 1722 906 1769 927; x_wconf 88' lang='lat' dir='ltr'>aut</span> 
     </span>
     <span class='ocr_line' id='line_1_24' title="bbox 149 936 1770 973; baseline -0.002 -8"><span class='ocrx_word' id='word_1_322' title='bbox 149 946 226 966; x_wconf 83' lang='lat' dir='ltr'>sacra</span> <span class='ocrx_word' id='word_1_323' title='bbox 245 941 288 965; x_wconf 89' lang='lat' dir='ltr'>itta</span> <span class='ocrx_word' id='word_1_324' title='bbox 306 940 362 965; x_wconf 88' lang='lat' dir='ltr'>loca</span> <span class='ocrx_word' id='word_1_325' title='bbox 381 940 532 970; x_wconf 85' lang='lat' dir='ltr'>coluerunt,</span> <span class='ocrx_word' id='word_1_326' title='bbox 549 940 631 966; x_wconf 66' lang='lat' dir='ltr'>ei&#39;inn</span> <span class='ocrx_word' id='word_1_327' title='bbox 649 940 677 967; x_wconf 82' lang='lat' dir='ltr'>S.</span> <span class='ocrx_word' id='word_1_328' title='bbox 693 939 825 973; x_wconf 77' lang='lat' dir='ltr'>ignatium</span> <span class='ocrx_word' id='word_1_329' title='bbox 845 939 987 965; x_wconf 82' lang='lat' dir='ltr'>societatis</span> <span class='ocrx_word' id='word_1_330' title='bbox 1011 936 1075 964; x_wconf 72' lang='lat' dir='ltr'>lesu</span> <span class='ocrx_word' id='word_1_331' title='bbox 1098 937 1152 964; x_wconf 85' lang='lat' dir='ltr'>Deo</span> <span class='ocrx_word' id='word_1_332' title='bbox 1178 939 1246 964; x_wconf 85' lang='lat' dir='ltr'>duce</span> <span class='ocrx_word' id='word_1_333' title='bbox 1264 943 1404 964; x_wconf 75' lang='lat' dir='ltr'>auctorem</span> <span class='ocrx_word' id='word_1_334' title='bbox 1425 941 1507 971; x_wconf 85' lang='lat' dir='ltr'>atque</span> <span class='ocrx_word' id='word_1_335' title='bbox 1530 936 1703 962; x_wconf 77' lang='lat' dir='ltr'>fundatorem</span> <span class='ocrx_word' id='word_1_336' title='bbox 1725 937 1770 962; x_wconf 88' lang='lat' dir='ltr'>iu-</span> 
     </span>
     <span class='ocr_line' id='line_1_25' title="bbox 148 971 1777 1005; baseline -0.002 -6"><span class='ocrx_word' id='word_1_337' title='bbox 148 975 269 1001; x_wconf 84' lang='lat' dir='ltr'>ctndere.</span> <span class='ocrx_word' id='word_1_338' title='bbox 289 975 312 1001; x_wconf 90' lang='lat' dir='ltr'>ls</span> <span class='ocrx_word' id='word_1_339' title='bbox 332 976 404 1000; x_wconf 81' lang='lat' dir='ltr'>enini</span> <span class='ocrx_word' id='word_1_340' title='bbox 423 974 534 1001; x_wconf 79' lang='lat' dir='ltr'>Parisiis</span> <span class='ocrx_word' id='word_1_341' title='bbox 549 982 611 1000; x_wconf 87' lang='lat' dir='ltr'>cum</span> <span class='ocrx_word' id='word_1_342' title='bbox 626 975 758 1005; x_wconf 82' lang='lat' dir='ltr'>studeret.</span> <span class='ocrx_word' id='word_1_343' title='bbox 773 978 800 1000; x_wconf 86' lang='lat' dir='ltr'>et</span> <span class='ocrx_word' id='word_1_344' title='bbox 814 973 952 1000; x_wconf 83' lang='lat' dir='ltr'>nonnuliis</span> <span class='ocrx_word' id='word_1_345' title='bbox 967 972 1017 999; x_wconf 87' lang='lat' dir='ltr'>sibi</span> <span class='ocrx_word' id='word_1_346' title='bbox 1031 973 1168 1005; x_wconf 83' lang='lat' dir='ltr'>adjunctis</span> <span class='ocrx_word' id='word_1_347' title='bbox 1184 973 1267 999; x_wconf 82' lang='lat' dir='ltr'>sociis</span> <span class='ocrx_word' id='word_1_348' title='bbox 1283 977 1355 999; x_wconf 85' lang='lat' dir='ltr'>totns</span> <span class='ocrx_word' id='word_1_349' title='bbox 1371 972 1404 998; x_wconf 86' lang='lat' dir='ltr'>ad</span> <span class='ocrx_word' id='word_1_350' title='bbox 1422 979 1465 998; x_wconf 87' lang='lat' dir='ltr'>res</span> <span class='ocrx_word' id='word_1_351' title='bbox 1482 979 1593 1005; x_wconf 79' lang='lat' dir='ltr'>magnas</span> <span class='ocrx_word' id='word_1_352' title='bbox 1609 978 1641 998; x_wconf 89' lang='lat' dir='ltr'>ac</span> <span class='ocrx_word' id='word_1_353' title='bbox 1660 971 1777 998; x_wconf 61' lang='lat' dir='ltr'>divinas.</span> 
     </span>
     <span class='ocr_line' id='line_1_26' title="bbox 150 1006 1769 1043; baseline -0.002 -8"><span class='ocrx_word' id='word_1_354' title='bbox 150 1011 295 1043; x_wconf 78' lang='lat' dir='ltr'>aspiraret,</span> <span class='ocrx_word' id='word_1_355' title='bbox 314 1010 421 1036; x_wconf 82' lang='lat' dir='ltr'>tandem</span> <span class='ocrx_word' id='word_1_356' title='bbox 439 1018 512 1036; x_wconf 89' lang='lat' dir='ltr'>anno</span> <span class='ocrx_word' id='word_1_357' title='bbox 532 1010 641 1036; x_wconf 80' lang='lat' dir='ltr'>Domini</span> <span class='ocrx_word' id='word_1_358' title='bbox 663 1009 808 1036; x_wconf 87' lang='lat' dir='ltr'>millesimo</span> <span class='ocrx_word' id='word_1_359' title='bbox 824 1009 1042 1043; x_wconf 85' lang='lat' dir='ltr'>quingentesimo</span> <span class='ocrx_word' id='word_1_360' title='bbox 1064 1008 1202 1034; x_wconf 79' lang='lat' dir='ltr'>tricesimo</span> <span class='ocrx_word' id='word_1_361' title='bbox 1217 1013 1328 1041; x_wconf 86' lang='lat' dir='ltr'>quarto,</span> <span class='ocrx_word' id='word_1_362' title='bbox 1346 1014 1408 1034; x_wconf 88' lang='lat' dir='ltr'>cum</span> <span class='ocrx_word' id='word_1_363' title='bbox 1425 1007 1591 1037; x_wconf 83' lang='lat' dir='ltr'>instituenda</span> <span class='ocrx_word' id='word_1_364' title='bbox 1611 1006 1769 1033; x_wconf 73' lang='lat' dir='ltr'>soi-inanita-</span> 
     </span>
     <span class='ocr_line' id='line_1_27' title="bbox 148 1042 1770 1078; baseline -0.002 -7"><span class='ocrx_word' id='word_1_365' title='bbox 148 1053 200 1078; x_wconf 78' lang='lat' dir='ltr'>qne</span> <span class='ocrx_word' id='word_1_366' title='bbox 217 1046 391 1078; x_wconf 68' lang='lat' dir='ltr'>perfectioris</span> <span class='ocrx_word' id='word_1_367' title='bbox 411 1045 472 1071; x_wconf 62' lang='lat' dir='ltr'>vitae</span> <span class='ocrx_word' id='word_1_368' title='bbox 491 1045 579 1075; x_wconf 74' lang='lat' dir='ltr'>initia,</span> <span class='ocrx_word' id='word_1_369' title='bbox 599 1051 626 1070; x_wconf 87' lang='lat' dir='ltr'>et</span> <span class='ocrx_word' id='word_1_370' title='bbox 645 1047 768 1078; x_wconf 65' lang='lat' dir='ltr'>quaedam</span> <span class='ocrx_word' id='word_1_371' title='bbox 786 1044 858 1070; x_wconf 81' lang='lat' dir='ltr'>velut</span> <span class='ocrx_word' id='word_1_372' title='bbox 877 1044 982 1070; x_wconf 85' lang='lat' dir='ltr'>semina</span> <span class='ocrx_word' id='word_1_373' title='bbox 997 1044 1095 1069; x_wconf 68' lang='lat' dir='ltr'>suturae</span> <span class='ocrx_word' id='word_1_374' title='bbox 1109 1043 1251 1070; x_wconf 84' lang='lat' dir='ltr'>societatis</span> <span class='ocrx_word' id='word_1_375' title='bbox 1264 1043 1388 1069; x_wconf 80' lang='lat' dir='ltr'>facienda</span> <span class='ocrx_word' id='word_1_376' title='bbox 1411 1043 1581 1076; x_wconf 80' lang='lat' dir='ltr'>concepisset</span> <span class='ocrx_word' id='word_1_377' title='bbox 1597 1042 1700 1073; x_wconf 80' lang='lat' dir='ltr'>animo,</span> <span class='ocrx_word' id='word_1_378' title='bbox 1714 1048 1770 1067; x_wconf 86' lang='lat' dir='ltr'>nou</span> 
     </span>
     <span class='ocr_line' id='line_1_28' title="bbox 148 1076 1768 1114; baseline -0.001 -10"><span class='ocrx_word' id='word_1_379' title='bbox 148 1080 232 1105; x_wconf 81' lang='lat' dir='ltr'>:ilium</span> <span class='ocrx_word' id='word_1_380' title='bbox 250 1081 282 1106; x_wconf 90' lang='lat' dir='ltr'>ad</span> <span class='ocrx_word' id='word_1_381' title='bbox 300 1082 356 1107; x_wconf 74' lang='lat' dir='ltr'>tirec</span> <span class='ocrx_word' id='word_1_382' title='bbox 378 1081 455 1106; x_wconf 78' lang='lat' dir='ltr'>licata</span> <span class='ocrx_word' id='word_1_383' title='bbox 473 1080 609 1114; x_wconf 84' lang='lat' dir='ltr'>principia</span> <span class='ocrx_word' id='word_1_384' title='bbox 628 1080 842 1107; x_wconf 73' lang='lat' dir='ltr'>commodiorem</span> <span class='ocrx_word' id='word_1_385' title='bbox 859 1084 905 1105; x_wconf 90' lang='lat' dir='ltr'>aut</span> <span class='ocrx_word' id='word_1_386' title='bbox 922 1079 1089 1105; x_wconf 67' lang='lat' dir='ltr'>sanctiorem</span> <span class='ocrx_word' id='word_1_387' title='bbox 1107 1078 1194 1104; x_wconf 87' lang='lat' dir='ltr'>locum</span> <span class='ocrx_word' id='word_1_388' title='bbox 1217 1085 1278 1105; x_wconf 85' lang='lat' dir='ltr'>esse</span> <span class='ocrx_word' id='word_1_389' title='bbox 1291 1078 1439 1112; x_wconf 87' lang='lat' dir='ltr'>judicavit,</span> <span class='ocrx_word' id='word_1_390' title='bbox 1455 1085 1536 1111; x_wconf 89' lang='lat' dir='ltr'>quam</span> <span class='ocrx_word' id='word_1_391' title='bbox 1554 1077 1671 1103; x_wconf 85' lang='lat' dir='ltr'>vicinum</span> <span class='ocrx_word' id='word_1_392' title='bbox 1690 1076 1768 1103; x_wconf 82' lang='lat' dir='ltr'>Pari—</span> 
     </span>
     <span class='ocr_line' id='line_1_29' title="bbox 148 1113 1768 1149; baseline -0.002 -9"><span class='ocrx_word' id='word_1_393' title='bbox 148 1115 197 1140; x_wconf 84' lang='lat' dir='ltr'>siis</span> <span class='ocrx_word' id='word_1_394' title='bbox 219 1121 337 1141; x_wconf 86' lang='lat' dir='ltr'>montem</span> <span class='ocrx_word' id='word_1_395' title='bbox 359 1116 522 1149; x_wconf 73' lang='lat' dir='ltr'>:itai-iyrinn,</span> <span class='ocrx_word' id='word_1_396' title='bbox 545 1115 596 1140; x_wconf 88' lang='lat' dir='ltr'>tioc</span> <span class='ocrx_word' id='word_1_397' title='bbox 614 1120 654 1141; x_wconf 86' lang='lat' dir='ltr'>est</span> <span class='ocrx_word' id='word_1_398' title='bbox 670 1119 788 1140; x_wconf 87' lang='lat' dir='ltr'>inontcin</span> <span class='ocrx_word' id='word_1_399' title='bbox 809 1114 884 1140; x_wconf 88' lang='lat' dir='ltr'>illum</span> <span class='ocrx_word' id='word_1_400' title='bbox 905 1114 933 1140; x_wconf 86' lang='lat' dir='ltr'>S.</span> <span class='ocrx_word' id='word_1_401' title='bbox 950 1113 1073 1147; x_wconf 85' lang='lat' dir='ltr'>Dionysii</span> <span class='ocrx_word' id='word_1_402' title='bbox 1089 1117 1116 1139; x_wconf 89' lang='lat' dir='ltr'>et</span> <span class='ocrx_word' id='word_1_403' title='bbox 1133 1113 1249 1139; x_wconf 84' lang='lat' dir='ltr'>aliorum</span> <span class='ocrx_word' id='word_1_404' title='bbox 1267 1118 1419 1147; x_wconf 85' lang='lat' dir='ltr'>martyrum</span> <span class='ocrx_word' id='word_1_405' title='bbox 1438 1119 1536 1139; x_wconf 87' lang='lat' dir='ltr'>cruore</span> <span class='ocrx_word' id='word_1_406' title='bbox 1555 1117 1745 1138; x_wconf 85' lang='lat' dir='ltr'>consecratum</span> <span class='ocrx_word' id='word_1_407' title='bbox 1760 1119 1768 1137; x_wconf 93' lang='lat'><strong>:</strong></span> 
     </span>
     <span class='ocr_line' id='line_1_30' title="bbox 150 1147 1770 1184; baseline -0.002 -9"><span class='ocrx_word' id='word_1_408' title='bbox 150 1150 214 1175; x_wconf 83' lang='lat' dir='ltr'>illue</span> <span class='ocrx_word' id='word_1_409' title='bbox 231 1150 345 1183; x_wconf 80' lang='lat' dir='ltr'>proinde</span> <span class='ocrx_word' id='word_1_410' title='bbox 361 1150 476 1176; x_wconf 83' lang='lat' dir='ltr'>solemni</span> <span class='ocrx_word' id='word_1_411' title='bbox 493 1151 647 1184; x_wconf 81' lang='lat' dir='ltr'>Assuinptae</span> <span class='ocrx_word' id='word_1_412' title='bbox 662 1150 781 1184; x_wconf 76' lang='lat' dir='ltr'>Virginis</span> <span class='ocrx_word' id='word_1_413' title='bbox 795 1149 840 1175; x_wconf 88' lang='lat' dir='ltr'>die</span> <span class='ocrx_word' id='word_1_414' title='bbox 860 1151 953 1182; x_wconf 81' lang='lat' dir='ltr'>(quain</span> <span class='ocrx_word' id='word_1_415' title='bbox 969 1149 1136 1182; x_wconf 71' lang='lat' dir='ltr'>pi·;ecipiiaiii</span> <span class='ocrx_word' id='word_1_416' title='bbox 1151 1149 1201 1175; x_wconf 75' lang='lat' dir='ltr'>sibi</span> <span class='ocrx_word' id='word_1_417' title='bbox 1216 1148 1286 1182; x_wconf 84' lang='lat' dir='ltr'>apud</span> <span class='ocrx_word' id='word_1_418' title='bbox 1298 1148 1382 1174; x_wconf 85' lang='lat' dir='ltr'>Deum</span> <span class='ocrx_word' id='word_1_419' title='bbox 1397 1152 1540 1181; x_wconf 86' lang='lat' dir='ltr'>patronam</span> <span class='ocrx_word' id='word_1_420' title='bbox 1556 1148 1646 1173; x_wconf 82' lang='lat' dir='ltr'>cuncti</span> <span class='ocrx_word' id='word_1_421' title='bbox 1664 1147 1770 1173; x_wconf 85' lang='lat' dir='ltr'>ascive-</span> 
     </span>
     <span class='ocr_line' id='line_1_31' title="bbox 149 1181 1778 1219; baseline -0.002 -9"><span class='ocrx_word' id='word_1_422' title='bbox 149 1186 220 1219; x_wconf 88' lang='lat' dir='ltr'>rant)</span> <span class='ocrx_word' id='word_1_423' title='bbox 242 1186 426 1211; x_wconf 74' lang='lat' dir='ltr'>coiinnuniter</span> <span class='ocrx_word' id='word_1_424' title='bbox 442 1185 595 1211; x_wconf 88' lang='lat' dir='ltr'>adeundum</span> <span class='ocrx_word' id='word_1_425' title='bbox 618 1189 795 1216; x_wconf 75' lang='lat' dir='ltr'>(ensuerunt,</span> <span class='ocrx_word' id='word_1_426' title='bbox 820 1185 856 1211; x_wconf 82' lang='lat' dir='ltr'>ibi</span> <span class='ocrx_word' id='word_1_427' title='bbox 880 1188 983 1210; x_wconf 83' lang='lat' dir='ltr'>tantam</span> <span class='ocrx_word' id='word_1_428' title='bbox 1002 1184 1192 1210; x_wconf 69' lang='lat' dir='ltr'>celebritatem</span> <span class='ocrx_word' id='word_1_429' title='bbox 1211 1191 1265 1216; x_wconf 86' lang='lat' dir='ltr'>qua</span> <span class='ocrx_word' id='word_1_430' title='bbox 1286 1188 1398 1217; x_wconf 75' lang='lat' dir='ltr'>possent</span> <span class='ocrx_word' id='word_1_431' title='bbox 1423 1182 1525 1215; x_wconf 83' lang='lat' dir='ltr'>pietate</span> <span class='ocrx_word' id='word_1_432' title='bbox 1541 1182 1713 1215; x_wconf 74' lang='lat' dir='ltr'>exigendam,</span> <span class='ocrx_word' id='word_1_433' title='bbox 1732 1181 1778 1207; x_wconf 77' lang='lat' dir='ltr'>itiiv</span> 
     </span>
     <span class='ocr_line' id='line_1_32' title="bbox 147 1217 1781 1255; baseline -0.002 -9"><span class='ocrx_word' id='word_1_434' title='bbox 147 1228 241 1246; x_wconf 89' lang='lat' dir='ltr'>corum</span> <span class='ocrx_word' id='word_1_435' title='bbox 256 1229 316 1254; x_wconf 81' lang='lat' dir='ltr'>qna:</span> <span class='ocrx_word' id='word_1_436' title='bbox 334 1221 366 1247; x_wconf 89' lang='lat' dir='ltr'>ad</span> <span class='ocrx_word' id='word_1_437' title='bbox 382 1221 428 1247; x_wconf 83' lang='lat' dir='ltr'>Dei</span> <span class='ocrx_word' id='word_1_438' title='bbox 447 1221 564 1255; x_wconf 77' lang='lat' dir='ltr'>gratiam</span> <span class='ocrx_word' id='word_1_439' title='bbox 580 1224 607 1246; x_wconf 87' lang='lat' dir='ltr'>et</span> <span class='ocrx_word' id='word_1_440' title='bbox 622 1220 738 1247; x_wconf 69' lang='lat' dir='ltr'>fratrum</span> <span class='ocrx_word' id='word_1_441' title='bbox 757 1220 873 1246; x_wconf 88' lang='lat' dir='ltr'>satutem</span> <span class='ocrx_word' id='word_1_442' title='bbox 895 1223 1080 1252; x_wconf 85' lang='lat' dir='ltr'>conceperant</span> <span class='ocrx_word' id='word_1_443' title='bbox 1097 1224 1158 1244; x_wconf 80' lang='lat' dir='ltr'>vota</span> <span class='ocrx_word' id='word_1_444' title='bbox 1180 1219 1374 1253; x_wconf 83' lang='lat' dir='ltr'>nuncupanda.</span> <span class='ocrx_word' id='word_1_445' title='bbox 1391 1218 1424 1244; x_wconf 87' lang='lat' dir='ltr'>Et</span> <span class='ocrx_word' id='word_1_446' title='bbox 1439 1225 1545 1243; x_wconf 83' lang='lat' dir='ltr'>sumina</span> <span class='ocrx_word' id='word_1_447' title='bbox 1561 1217 1671 1251; x_wconf 85' lang='lat' dir='ltr'>quidem</span> <span class='ocrx_word' id='word_1_448' title='bbox 1696 1222 1781 1243; x_wconf 51' lang='lat' dir='ltr'>voto-¹</span> 
     </span>
     <span class='ocr_line' id='line_1_33' title="bbox 149 1252 1770 1288; baseline -0.001 -8"><span class='ocrx_word' id='word_1_449' title='bbox 149 1263 208 1280; x_wconf 85' lang='lat' dir='ltr'>rum</span> <span class='ocrx_word' id='word_1_450' title='bbox 228 1256 284 1282; x_wconf 73' lang='lat' dir='ltr'>tia-c</span> <span class='ocrx_word' id='word_1_451' title='bbox 301 1255 352 1281; x_wconf 83' lang='lat' dir='ltr'>suit</span> <span class='ocrx_word' id='word_1_452' title='bbox 367 1264 375 1282; x_wconf 86' lang='lat'><strong>:</strong></span> <span class='ocrx_word' id='word_1_453' title='bbox 392 1255 526 1287; x_wconf 84' lang='lat' dir='ltr'>Primum,</span> <span class='ocrx_word' id='word_1_454' title='bbox 542 1260 572 1281; x_wconf 93' lang='lat' dir='ltr'>ut</span> <span class='ocrx_word' id='word_1_455' title='bbox 589 1256 705 1282; x_wconf 81' lang='lat' dir='ltr'>remisso</span> <span class='ocrx_word' id='word_1_456' title='bbox 722 1254 803 1282; x_wconf 79' lang='lat' dir='ltr'>fluxis</span> <span class='ocrx_word' id='word_1_457' title='bbox 820 1254 953 1288; x_wconf 88' lang='lat' dir='ltr'>vanisque</span> <span class='ocrx_word' id='word_1_458' title='bbox 975 1253 1159 1287; x_wconf 53' lang='lat' dir='ltr'>t‘otupiatibus</span> <span class='ocrx_word' id='word_1_459' title='bbox 1178 1253 1283 1285; x_wconf 90' lang='lat' dir='ltr'>nuntio,</span> <span class='ocrx_word' id='word_1_460' title='bbox 1299 1254 1433 1288; x_wconf 79' lang='lat' dir='ltr'>integrant</span> <span class='ocrx_word' id='word_1_461' title='bbox 1455 1252 1646 1286; x_wconf 73' lang='lat' dir='ltr'>illibatamque</span> <span class='ocrx_word' id='word_1_462' title='bbox 1663 1252 1688 1278; x_wconf 89' lang='lat' dir='ltr'>in</span> <span class='ocrx_word' id='word_1_463' title='bbox 1706 1259 1770 1286; x_wconf 88' lang='lat' dir='ltr'>per-</span> 
     </span>
     <span class='ocr_line' id='line_1_34' title="bbox 148 1286 1768 1324; baseline -0.002 -10"><span class='ocrx_word' id='word_1_464' title='bbox 148 1296 257 1324; x_wconf 83' lang='lat' dir='ltr'>petuom</span> <span class='ocrx_word' id='word_1_465' title='bbox 280 1291 506 1324; x_wconf 75' lang='lat' dir='ltr'>amplexarentur</span> <span class='ocrx_word' id='word_1_466' title='bbox 530 1291 698 1318; x_wconf 78' lang='lat' dir='ltr'>castitatem.</span> <span class='ocrx_word' id='word_1_467' title='bbox 726 1291 805 1322; x_wconf 86' lang='lat' dir='ltr'>Dein,</span> <span class='ocrx_word' id='word_1_468' title='bbox 828 1294 854 1316; x_wconf 93' lang='lat' dir='ltr'>ut</span> <span class='ocrx_word' id='word_1_469' title='bbox 881 1290 953 1323; x_wconf 90' lang='lat' dir='ltr'>quod</span> <span class='ocrx_word' id='word_1_470' title='bbox 971 1288 1030 1322; x_wconf 73' lang='lat' dir='ltr'>ejus</span> <span class='ocrx_word' id='word_1_471' title='bbox 1053 1288 1111 1315; x_wconf 81' lang='lat' dir='ltr'>lieri</span> <span class='ocrx_word' id='word_1_472' title='bbox 1137 1293 1241 1322; x_wconf 84' lang='lat' dir='ltr'>posset,</span> <span class='ocrx_word' id='word_1_473' title='bbox 1264 1288 1434 1323; x_wconf 83' lang='lat' dir='ltr'>paupertatis</span> <span class='ocrx_word' id='word_1_474' title='bbox 1456 1288 1553 1315; x_wconf 87' lang='lat' dir='ltr'>semita</span> <span class='ocrx_word' id='word_1_475' title='bbox 1579 1286 1768 1320; x_wconf 80' lang='lat' dir='ltr'>graderentur,</span> 
     </span>
     <span class='ocr_line' id='line_1_35' title="bbox 147 1322 1771 1361; baseline -0.001 -11"><span class='ocrx_word' id='word_1_476' title='bbox 147 1334 274 1360; x_wconf 67' lang='lat' dir='ltr'>eamque,</span> <span class='ocrx_word' id='word_1_477' title='bbox 291 1331 405 1361; x_wconf 84' lang='lat' dir='ltr'>excepto</span> <span class='ocrx_word' id='word_1_478' title='bbox 429 1332 482 1352; x_wconf 90' lang='lat' dir='ltr'>tani</span> <span class='ocrx_word' id='word_1_479' title='bbox 499 1326 651 1352; x_wconf 87' lang='lat' dir='ltr'>studiorum</span> <span class='ocrx_word' id='word_1_480' title='bbox 669 1326 740 1360; x_wconf 69' lang='lat' dir='ltr'>(quse</span> <span class='ocrx_word' id='word_1_481' title='bbox 756 1325 841 1359; x_wconf 87' lang='lat' dir='ltr'>aliqui</span> <span class='ocrx_word' id='word_1_482' title='bbox 867 1325 982 1351; x_wconf 84' lang='lat' dir='ltr'>necdum</span> <span class='ocrx_word' id='word_1_483' title='bbox 1004 1324 1190 1357; x_wconf 83' lang='lat' dir='ltr'>absolverant)</span> <span class='ocrx_word' id='word_1_484' title='bbox 1211 1331 1293 1357; x_wconf 87' lang='lat' dir='ltr'>quain</span> <span class='ocrx_word' id='word_1_485' title='bbox 1312 1324 1455 1350; x_wconf 75' lang='lat' dir='ltr'>destinata:</span> <span class='ocrx_word' id='word_1_486' title='bbox 1478 1323 1511 1349; x_wconf 86' lang='lat' dir='ltr'>ad</span> <span class='ocrx_word' id='word_1_487' title='bbox 1534 1330 1612 1349; x_wconf 82' lang='lat' dir='ltr'>saera</span> <span class='ocrx_word' id='word_1_488' title='bbox 1632 1322 1771 1356; x_wconf 70' lang='lat' dir='ltr'>jerosoly-</span> 
     </span>
     <span class='ocr_line' id='line_1_36' title="bbox 148 1358 1771 1396; baseline -0.002 -10"><span class='ocrx_word' id='word_1_489' title='bbox 148 1368 255 1386; x_wconf 82' lang='lat' dir='ltr'>morum</span> <span class='ocrx_word' id='word_1_490' title='bbox 277 1362 336 1388; x_wconf 85' lang='lat' dir='ltr'>loca</span> <span class='ocrx_word' id='word_1_491' title='bbox 361 1361 593 1396; x_wconf 75' lang='lat' dir='ltr'>peregrinationis</span> <span class='ocrx_word' id='word_1_492' title='bbox 616 1367 740 1395; x_wconf 85' lang='lat' dir='ltr'>tempore</span> <span class='ocrx_word' id='word_1_493' title='bbox 765 1360 890 1395; x_wconf 77' lang='lat' dir='ltr'>gnaviter</span> <span class='ocrx_word' id='word_1_494' title='bbox 911 1364 1086 1386; x_wconf 76' lang='lat' dir='ltr'>sectarentur</span> <span class='ocrx_word' id='word_1_495' title='bbox 1105 1367 1112 1386; x_wconf 92' lang='lat'>:</span> <span class='ocrx_word' id='word_1_496' title='bbox 1136 1367 1187 1385; x_wconf 87' lang='lat' dir='ltr'>neu</span> <span class='ocrx_word' id='word_1_497' title='bbox 1213 1360 1361 1393; x_wconf 82' lang='lat' dir='ltr'>quidquam</span> <span class='ocrx_word' id='word_1_498' title='bbox 1385 1358 1496 1384; x_wconf 89' lang='lat' dir='ltr'>omniuo</span> <span class='ocrx_word' id='word_1_499' title='bbox 1513 1366 1561 1392; x_wconf 90' lang='lat' dir='ltr'>pro</span> <span class='ocrx_word' id='word_1_500' title='bbox 1582 1358 1771 1392; x_wconf 78' lang='lat' dir='ltr'>augustissimi</span> 
     </span>
     <span class='ocr_line' id='line_1_37' title="bbox 148 1393 1770 1431; baseline -0.002 -10"><span class='ocrx_word' id='word_1_501' title='bbox 148 1397 279 1423; x_wconf 77' lang='lat' dir='ltr'>saci-itieii</span> <span class='ocrx_word' id='word_1_502' title='bbox 297 1397 485 1423; x_wconf 73' lang='lat' dir='ltr'>celebratione</span> <span class='ocrx_word' id='word_1_503' title='bbox 505 1397 602 1429; x_wconf 85' lang='lat' dir='ltr'>quovis</span> <span class='ocrx_word' id='word_1_504' title='bbox 618 1402 754 1431; x_wconf 67' lang='lat' dir='ltr'>praetextu</span> <span class='ocrx_word' id='word_1_505' title='bbox 772 1396 960 1422; x_wconf 80' lang='lat' dir='ltr'>admitterent.</span> <span class='ocrx_word' id='word_1_506' title='bbox 982 1394 1128 1425; x_wconf 76' lang='lat' dir='ltr'>l&#39;raeterea,</span> <span class='ocrx_word' id='word_1_507' title='bbox 1147 1399 1176 1420; x_wconf 89' lang='lat' dir='ltr'>ut</span> <span class='ocrx_word' id='word_1_508' title='bbox 1195 1394 1221 1420; x_wconf 91' lang='lat' dir='ltr'>in</span> <span class='ocrx_word' id='word_1_509' title='bbox 1239 1394 1410 1420; x_wconf 68' lang='lat' dir='ltr'>Palaestinam</span> <span class='ocrx_word' id='word_1_510' title='bbox 1426 1394 1459 1419; x_wconf 84' lang='lat' dir='ltr'>ad</span> <span class='ocrx_word' id='word_1_511' title='bbox 1472 1394 1561 1428; x_wconf 74' lang='lat' dir='ltr'>gentis</span> <span class='ocrx_word' id='word_1_512' title='bbox 1577 1393 1634 1425; x_wconf 81' lang='lat' dir='ltr'>ejus·</span> <span class='ocrx_word' id='word_1_513' title='bbox 1653 1393 1770 1419; x_wconf 82' lang='lat' dir='ltr'>satutem</span> 
     </span>
     <span class='ocr_line' id='line_1_38' title="bbox 149 1426 1772 1467; baseline -0.002 -11"><span class='ocrx_word' id='word_1_514' title='bbox 149 1432 181 1463; x_wconf 72' lang='lat' dir='ltr'>(si</span> <span class='ocrx_word' id='word_1_515' title='bbox 197 1432 308 1464; x_wconf 84' lang='lat' dir='ltr'>quidem</span> <span class='ocrx_word' id='word_1_516' title='bbox 333 1436 440 1466; x_wconf 83' lang='lat' dir='ltr'>pateret</span> <span class='ocrx_word' id='word_1_517' title='bbox 463 1432 555 1457; x_wconf 82' lang='lat' dir='ltr'>aditus</span> <span class='ocrx_word' id='word_1_518' title='bbox 575 1436 602 1458; x_wconf 86' lang='lat' dir='ltr'>et</span> <span class='ocrx_word' id='word_1_519' title='bbox 623 1432 840 1467; x_wconf 81' lang='lat' dir='ltr'>permitteretur)</span> <span class='ocrx_word' id='word_1_520' title='bbox 858 1436 935 1457; x_wconf 81' lang='lat' dir='ltr'>certo</span> <span class='ocrx_word' id='word_1_521' title='bbox 957 1434 1078 1463; x_wconf 79' lang='lat' dir='ltr'>tempore</span> <span class='ocrx_word' id='word_1_522' title='bbox 1094 1430 1245 1456; x_wconf 83' lang='lat' dir='ltr'>constituto</span> <span class='ocrx_word' id='word_1_523' title='bbox 1265 1430 1344 1455; x_wconf 86' lang='lat' dir='ltr'>simut</span> <span class='ocrx_word' id='word_1_524' title='bbox 1368 1429 1542 1463; x_wconf 77' lang='lat' dir='ltr'>navigai·eiit;</span> <span class='ocrx_word' id='word_1_525' title='bbox 1559 1429 1601 1454; x_wconf 89' lang='lat' dir='ltr'>sin</span> <span class='ocrx_word' id='word_1_526' title='bbox 1621 1428 1720 1459; x_wconf 90' lang='lat' dir='ltr'>minus,</span> <span class='ocrx_word' id='word_1_527' title='bbox 1738 1426 1772 1452; x_wconf 88' lang='lat' dir='ltr'>ad</span> 
     </span>
     <span class='ocr_line' id='line_1_39' title="bbox 148 1464 1771 1501; baseline -0.002 -10"><span class='ocrx_word' id='word_1_528' title='bbox 148 1475 286 1492; x_wconf 84' lang='lat' dir='ltr'>summnn·¹</span> <span class='ocrx_word' id='word_1_529' title='bbox 304 1468 461 1500; x_wconf 71' lang='lat' dir='ltr'>pontificem</span> <span class='ocrx_word' id='word_1_530' title='bbox 484 1467 602 1498; x_wconf 86' lang='lat' dir='ltr'>adirent,</span> <span class='ocrx_word' id='word_1_531' title='bbox 621 1473 704 1501; x_wconf 87' lang='lat' dir='ltr'>atque</span> <span class='ocrx_word' id='word_1_532' title='bbox 726 1468 759 1493; x_wconf 83' lang='lat' dir='ltr'>ad</span> <span class='ocrx_word' id='word_1_533' title='bbox 774 1467 833 1501; x_wconf 85' lang='lat' dir='ltr'>ejus</span> <span class='ocrx_word' id='word_1_534' title='bbox 855 1465 985 1499; x_wconf 79' lang='lat' dir='ltr'>prostrati</span> <span class='ocrx_word' id='word_1_535' title='bbox 1005 1472 1091 1498; x_wconf 80' lang='lat' dir='ltr'>genua</span> <span class='ocrx_word' id='word_1_536' title='bbox 1109 1469 1180 1491; x_wconf 82' lang='lat' dir='ltr'>totos</span> <span class='ocrx_word' id='word_1_537' title='bbox 1198 1472 1227 1491; x_wconf 86' lang='lat' dir='ltr'>se</span> <span class='ocrx_word' id='word_1_538' title='bbox 1249 1465 1283 1491; x_wconf 88' lang='lat' dir='ltr'>ad</span> <span class='ocrx_word' id='word_1_539' title='bbox 1309 1466 1428 1491; x_wconf 78' lang='lat' dir='ltr'>trucium</span> <span class='ocrx_word' id='word_1_540' title='bbox 1453 1464 1606 1489; x_wconf 82' lang='lat' dir='ltr'>animarum</span> <span class='ocrx_word' id='word_1_541' title='bbox 1631 1471 1665 1489; x_wconf 78' lang='lat' dir='ltr'>ex</span> <span class='ocrx_word' id='word_1_542' title='bbox 1687 1464 1771 1496; x_wconf 83' lang='lat' dir='ltr'>ipsius</span> 
     </span>
     <span class='ocr_line' id='line_1_40' title="bbox 149 1498 1771 1536; baseline -0.002 -9"><span class='ocrx_word' id='word_1_543' title='bbox 149 1508 216 1527; x_wconf 87' lang='lat' dir='ltr'>nutu</span> <span class='ocrx_word' id='word_1_544' title='bbox 233 1503 403 1536; x_wconf 86' lang='lat' dir='ltr'>arbitrioque</span> <span class='ocrx_word' id='word_1_545' title='bbox 421 1502 593 1528; x_wconf 78' lang='lat' dir='ltr'>dedicarent.</span> <span class='ocrx_word' id='word_1_546' title='bbox 611 1503 676 1534; x_wconf 74' lang='lat' dir='ltr'>Quae</span> <span class='ocrx_word' id='word_1_547' title='bbox 692 1508 756 1528; x_wconf 78' lang='lat' dir='ltr'>vota</span> <span class='ocrx_word' id='word_1_548' title='bbox 776 1502 881 1527; x_wconf 88' lang='lat' dir='ltr'>duobus</span> <span class='ocrx_word' id='word_1_549' title='bbox 897 1508 1005 1534; x_wconf 83' lang='lat' dir='ltr'>quoque</span> <span class='ocrx_word' id='word_1_550' title='bbox 1022 1500 1102 1527; x_wconf 82' lang='lat' dir='ltr'>annis</span> <span class='ocrx_word' id='word_1_551' title='bbox 1118 1499 1350 1533; x_wconf 71' lang='lat' dir='ltr'>consequentibus</span> <span class='ocrx_word' id='word_1_552' title='bbox 1367 1500 1462 1526; x_wconf 84' lang='lat' dir='ltr'>eodem</span> <span class='ocrx_word' id='word_1_553' title='bbox 1480 1500 1534 1528; x_wconf 83' lang='lat' dir='ltr'>die,</span> <span class='ocrx_word' id='word_1_554' title='bbox 1549 1504 1575 1524; x_wconf 88' lang='lat' dir='ltr'>ct</span> <span class='ocrx_word' id='word_1_555' title='bbox 1591 1499 1662 1529; x_wconf 86' lang='lat' dir='ltr'>loco,</span> <span class='ocrx_word' id='word_1_556' title='bbox 1677 1503 1703 1524; x_wconf 86' lang='lat' dir='ltr'>et</span> <span class='ocrx_word' id='word_1_557' title='bbox 1717 1498 1771 1524; x_wconf 85' lang='lat' dir='ltr'>ritu</span> 
     </span>
     <span class='ocr_line' id='line_1_41' title="bbox 148 1533 1770 1570; baseline -0.002 -9"><span class='ocrx_word' id='word_1_558' title='bbox 148 1543 326 1563; x_wconf 74' lang='lat' dir='ltr'>renovarunt.</span> <span class='ocrx_word' id='word_1_559' title='bbox 343 1538 409 1570; x_wconf 79' lang='lat' dir='ltr'>Quis</span> <span class='ocrx_word' id='word_1_560' title='bbox 425 1542 514 1562; x_wconf 90' lang='lat' dir='ltr'>autem</span> <span class='ocrx_word' id='word_1_561' title='bbox 537 1536 642 1564; x_wconf 83' lang='lat' dir='ltr'>dubitet</span> <span class='ocrx_word' id='word_1_562' title='bbox 665 1537 730 1570; x_wconf 91' lang='lat' dir='ltr'>quin</span> <span class='ocrx_word' id='word_1_563' title='bbox 750 1538 795 1563; x_wconf 91' lang='lat' dir='ltr'>ille</span> <span class='ocrx_word' id='word_1_564' title='bbox 813 1537 963 1563; x_wconf 78' lang='lat' dir='ltr'>Galliarum</span> <span class='ocrx_word' id='word_1_565' title='bbox 981 1535 1132 1568; x_wconf 85' lang='lat' dir='ltr'>apostotus,</span> <span class='ocrx_word' id='word_1_566' title='bbox 1158 1534 1204 1561; x_wconf 86' lang='lat' dir='ltr'>ille</span> <span class='ocrx_word' id='word_1_567' title='bbox 1224 1535 1374 1561; x_wconf 87' lang='lat' dir='ltr'>instructor</span> <span class='ocrx_word' id='word_1_568' title='bbox 1392 1534 1522 1567; x_wconf 85' lang='lat' dir='ltr'>gentium,</span> <span class='ocrx_word' id='word_1_569' title='bbox 1541 1533 1585 1560; x_wconf 89' lang='lat' dir='ltr'>ille</span> <span class='ocrx_word' id='word_1_570' title='bbox 1612 1534 1645 1560; x_wconf 82' lang='lat' dir='ltr'>ab</span> <span class='ocrx_word' id='word_1_571' title='bbox 1658 1533 1770 1560; x_wconf 84' lang='lat' dir='ltr'>Oriente</span> 
     </span>
     <span class='ocr_line' id='line_1_42' title="bbox 148 1567 1769 1606; baseline -0.004 -7"><span class='ocrx_word' id='word_1_572' title='bbox 148 1572 181 1596; x_wconf 74' lang='lat' dir='ltr'>ad</span> <span class='ocrx_word' id='word_1_573' title='bbox 196 1574 371 1599; x_wconf 72' lang='lat' dir='ltr'>Occidentem</span> <span class='ocrx_word' id='word_1_574' title='bbox 390 1573 563 1606; x_wconf 77' lang='lat' dir='ltr'>peregrinus,</span> <span class='ocrx_word' id='word_1_575' title='bbox 586 1580 648 1598; x_wconf 92' lang='lat' dir='ltr'>cuin</span> <span class='ocrx_word' id='word_1_576' title='bbox 669 1573 695 1598; x_wconf 91' lang='lat' dir='ltr'>iii</span> <span class='ocrx_word' id='word_1_577' title='bbox 713 1573 754 1599; x_wconf 87' lang='lat' dir='ltr'>sui</span> <span class='ocrx_word' id='word_1_578' title='bbox 772 1571 896 1605; x_wconf 89' lang='lat' dir='ltr'>martyrii</span> <span class='ocrx_word' id='word_1_579' title='bbox 920 1571 980 1596; x_wconf 89' lang='lat' dir='ltr'>loco</span> <span class='ocrx_word' id='word_1_580' title='bbox 1002 1570 1129 1603; x_wconf 81' lang='lat' dir='ltr'>exiguam</span> <span class='ocrx_word' id='word_1_581' title='bbox 1150 1569 1221 1596; x_wconf 88' lang='lat' dir='ltr'>ittam</span> <span class='ocrx_word' id='word_1_582' title='bbox 1245 1577 1375 1596; x_wconf 86' lang='lat' dir='ltr'>coronam</span> <span class='ocrx_word' id='word_1_583' title='bbox 1392 1569 1497 1595; x_wconf 71' lang='lat' dir='ltr'>videret</span> <span class='ocrx_word' id='word_1_584' title='bbox 1514 1576 1560 1594; x_wconf 87' lang='lat' dir='ltr'>sua</span> <span class='ocrx_word' id='word_1_585' title='bbox 1586 1576 1633 1602; x_wconf 86' lang='lat' dir='ltr'>per</span> <span class='ocrx_word' id='word_1_586' title='bbox 1654 1567 1769 1600; x_wconf 75' lang='lat' dir='ltr'>vestigia</span> 
     </span>
     <span class='ocr_line' id='line_1_43' title="bbox 148 1603 1768 1639; baseline -0.002 -7"><span class='ocrx_word' id='word_1_587' title='bbox 148 1607 277 1633; x_wconf 84' lang='lat' dir='ltr'>incedere</span> <span class='ocrx_word' id='word_1_588' title='bbox 294 1608 483 1638; x_wconf 83' lang='lat' dir='ltr'>meditantem,</span> <span class='ocrx_word' id='word_1_589' title='bbox 507 1615 537 1634; x_wconf 86' lang='lat' dir='ltr'>ac</span> <span class='ocrx_word' id='word_1_590' title='bbox 553 1616 582 1634; x_wconf 87' lang='lat' dir='ltr'>se</span> <span class='ocrx_word' id='word_1_591' title='bbox 600 1609 718 1634; x_wconf 70' lang='lat' dir='ltr'>fratrum</span> <span class='ocrx_word' id='word_1_592' title='bbox 740 1614 853 1633; x_wconf 86' lang='lat' dir='ltr'>suorum</span> <span class='ocrx_word' id='word_1_593' title='bbox 877 1606 903 1632; x_wconf 90' lang='lat' dir='ltr'>in</span> <span class='ocrx_word' id='word_1_594' title='bbox 925 1604 1079 1639; x_wconf 76' lang='lat' dir='ltr'>longinquis</span> <span class='ocrx_word' id='word_1_595' title='bbox 1101 1605 1181 1631; x_wconf 89' lang='lat' dir='ltr'>terris</span> <span class='ocrx_word' id='word_1_596' title='bbox 1203 1605 1358 1638; x_wconf 82' lang='lat' dir='ltr'>degentium</span> <span class='ocrx_word' id='word_1_597' title='bbox 1377 1603 1456 1630; x_wconf 87' lang='lat' dir='ltr'>saluti</span> <span class='ocrx_word' id='word_1_598' title='bbox 1475 1604 1672 1634; x_wconf 76' lang='lat' dir='ltr'>devoveiiteui;</span> <span class='ocrx_word' id='word_1_599' title='bbox 1696 1609 1768 1636; x_wconf 81' lang='lat' dir='ltr'>quis.</span> 
     </span>
     <span class='ocr_line' id='line_1_44' title="bbox 148 1638 1772 1676; baseline -0.002 -9"><span class='ocrx_word' id='word_1_600' title='bbox 148 1642 271 1675; x_wconf 82' lang='lat' dir='ltr'>inquam,</span> <span class='ocrx_word' id='word_1_601' title='bbox 287 1643 404 1674; x_wconf 86' lang='lat' dir='ltr'>dubitet,</span> <span class='ocrx_word' id='word_1_602' title='bbox 423 1642 489 1676; x_wconf 90' lang='lat' dir='ltr'>quin</span> <span class='ocrx_word' id='word_1_603' title='bbox 508 1642 554 1668; x_wconf 90' lang='lat' dir='ltr'>ille</span> <span class='ocrx_word' id='word_1_604' title='bbox 575 1650 656 1669; x_wconf 80' lang='lat' dir='ltr'>verus</span> <span class='ocrx_word' id='word_1_605' title='bbox 671 1643 784 1669; x_wconf 86' lang='lat' dir='ltr'>honoris</span> <span class='ocrx_word' id='word_1_606' title='bbox 806 1642 853 1669; x_wconf 83' lang='lat' dir='ltr'>Dei</span> <span class='ocrx_word' id='word_1_607' title='bbox 869 1646 976 1667; x_wconf 85' lang='lat' dir='ltr'>amator</span> <span class='ocrx_word' id='word_1_608' title='bbox 998 1645 1025 1667; x_wconf 91' lang='lat' dir='ltr'>et</span> <span class='ocrx_word' id='word_1_609' title='bbox 1048 1640 1192 1667; x_wconf 69' lang='lat' dir='ltr'>aemulatos</span> <span class='ocrx_word' id='word_1_610' title='bbox 1213 1641 1327 1666; x_wconf 91' lang='lat' dir='ltr'>muttum</span> <span class='ocrx_word' id='word_1_611' title='bbox 1344 1639 1445 1666; x_wconf 82' lang='lat' dir='ltr'>caloris</span> <span class='ocrx_word' id='word_1_612' title='bbox 1470 1638 1640 1672; x_wconf 74' lang='lat' dir='ltr'>inultumque</span> <span class='ocrx_word' id='word_1_613' title='bbox 1662 1638 1772 1664; x_wconf 83' lang='lat' dir='ltr'>roboris</span> 
     </span>
     <span class='ocr_line' id='line_1_45' title="bbox 148 1672 1771 1709; baseline -0.001 -9"><span class='ocrx_word' id='word_1_614' title='bbox 148 1677 254 1703; x_wconf 75' lang='lat' dir='ltr'>devotae</span> <span class='ocrx_word' id='word_1_615' title='bbox 277 1677 330 1704; x_wconf 91' lang='lat' dir='ltr'>ittis</span> <span class='ocrx_word' id='word_1_616' title='bbox 351 1685 482 1704; x_wconf 87' lang='lat' dir='ltr'>novorum</span> <span class='ocrx_word' id='word_1_617' title='bbox 507 1678 676 1705; x_wconf 74' lang='lat' dir='ltr'>athletarum</span> <span class='ocrx_word' id='word_1_618' title='bbox 697 1685 816 1708; x_wconf 74' lang='lat' dir='ltr'>coronae,</span> <span class='ocrx_word' id='word_1_619' title='bbox 839 1681 866 1703; x_wconf 87' lang='lat' dir='ltr'>et</span> <span class='ocrx_word' id='word_1_620' title='bbox 891 1676 925 1702; x_wconf 86' lang='lat' dir='ltr'>ad</span> <span class='ocrx_word' id='word_1_621' title='bbox 953 1676 1137 1709; x_wconf 83' lang='lat' dir='ltr'>promittenda</span> <span class='ocrx_word' id='word_1_622' title='bbox 1157 1680 1184 1702; x_wconf 88' lang='lat' dir='ltr'>et</span> <span class='ocrx_word' id='word_1_623' title='bbox 1211 1676 1243 1701; x_wconf 88' lang='lat' dir='ltr'>ad</span> <span class='ocrx_word' id='word_1_624' title='bbox 1266 1674 1420 1708; x_wconf 68' lang='lat' dir='ltr'>praestanda</span> <span class='ocrx_word' id='word_1_625' title='bbox 1441 1678 1517 1701; x_wconf 84' lang='lat' dir='ltr'>tanta</span> <span class='ocrx_word' id='word_1_626' title='bbox 1538 1673 1692 1704; x_wconf 80' lang='lat' dir='ltr'>molimina,</span> <span class='ocrx_word' id='word_1_627' title='bbox 1714 1672 1771 1700; x_wconf 83' lang='lat' dir='ltr'>suis</span> 
     </span>
     <span class='ocr_line' id='line_1_46' title="bbox 149 1711 1060 1747; baseline 0.001 -12"><span class='ocrx_word' id='word_1_628' title='bbox 149 1714 219 1745; x_wconf 85' lang='lat' dir='ltr'>apud</span> <span class='ocrx_word' id='word_1_629' title='bbox 235 1714 358 1739; x_wconf 83' lang='lat' dir='ltr'>omnium</span> <span class='ocrx_word' id='word_1_630' title='bbox 375 1713 526 1747; x_wconf 82' lang='lat' dir='ltr'>gratiarum</span> <span class='ocrx_word' id='word_1_631' title='bbox 542 1712 645 1739; x_wconf 79' lang='lat' dir='ltr'>sontem</span> <span class='ocrx_word' id='word_1_632' title='bbox 664 1712 869 1746; x_wconf 76' lang='lat' dir='ltr'>precationibus</span> <span class='ocrx_word' id='word_1_633' title='bbox 886 1711 1060 1744; x_wconf 82' lang='lat' dir='ltr'>impetrarit?</span> 
     </span>
    </p>

    <p class='ocr_par' dir='ltr' id='par_1_5' title="bbox 146 1742 1772 2346">
     <span class='ocr_line' id='line_1_47' title="bbox 184 1742 1771 1780; baseline -0.003 -7"><span class='ocrx_word' id='word_1_634' title='bbox 184 1748 324 1774; x_wconf 76' lang='lat' dir='ltr'>Addamus</span> <span class='ocrx_word' id='word_1_635' title='bbox 340 1749 436 1774; x_wconf 83' lang='lat' dir='ltr'>tioium</span> <span class='ocrx_word' id='word_1_636' title='bbox 452 1748 577 1774; x_wconf 72' lang='lat' dir='ltr'>divorum</span> <span class='ocrx_word' id='word_1_637' title='bbox 594 1756 709 1775; x_wconf 85' lang='lat' dir='ltr'>numeio</span> <span class='ocrx_word' id='word_1_638' title='bbox 726 1748 846 1774; x_wconf 75' lang='lat' dir='ltr'>illustres</span> <span class='ocrx_word' id='word_1_639' title='bbox 860 1747 932 1780; x_wconf 80' lang='lat' dir='ltr'>regia</span> <span class='ocrx_word' id='word_1_640' title='bbox 950 1745 1082 1779; x_wconf 75' lang='lat' dir='ltr'>dignitate</span> <span class='ocrx_word' id='word_1_641' title='bbox 1095 1752 1243 1779; x_wconf 82' lang='lat' dir='ltr'>pct·s‘)iias;</span> <span class='ocrx_word' id='word_1_642' title='bbox 1268 1745 1326 1771; x_wconf 77' lang='lat' dir='ltr'>sive</span> <span class='ocrx_word' id='word_1_643' title='bbox 1342 1743 1501 1770; x_wconf 71' lang='lat' dir='ltr'>Adclaideni</span> <span class='ocrx_word' id='word_1_644' title='bbox 1518 1743 1633 1770; x_wconf 77' lang='lat' dir='ltr'>Roborti</span> <span class='ocrx_word' id='word_1_645' title='bbox 1650 1742 1771 1769; x_wconf 87' lang='lat' dir='ltr'>Franco-</span> 
     </span>
     <span class='ocr_line' id='line_1_48' title="bbox 147 1778 1771 1817; baseline -0.004 -9"><span class='ocrx_word' id='word_1_646' title='bbox 147 1790 206 1808; x_wconf 76' lang='lat' dir='ltr'>rui-i</span> <span class='ocrx_word' id='word_1_647' title='bbox 232 1785 304 1817; x_wconf 79' lang='lat' dir='ltr'>regis</span> <span class='ocrx_word' id='word_1_648' title='bbox 327 1788 454 1813; x_wconf 88' lang='lat' dir='ltr'>matrem,</span> <span class='ocrx_word' id='word_1_649' title='bbox 483 1785 592 1817; x_wconf 66' lang='lat' dir='ltr'>egregia</span> <span class='ocrx_word' id='word_1_650' title='bbox 620 1784 766 1810; x_wconf 73' lang='lat' dir='ltr'>sanctitate</span> <span class='ocrx_word' id='word_1_651' title='bbox 792 1783 944 1813; x_wconf 69' lang='lat' dir='ltr'>l&#39;cininain3</span> <span class='ocrx_word' id='word_1_652' title='bbox 969 1789 1026 1807; x_wconf 81' lang='lat' dir='ltr'>sive</span> <span class='ocrx_word' id='word_1_653' title='bbox 1047 1780 1193 1807; x_wconf 75' lang='lat' dir='ltr'>tteniieuin</span> <span class='ocrx_word' id='word_1_654' title='bbox 1222 1780 1254 1806; x_wconf 90' lang='lat' dir='ltr'>ltl</span> <span class='ocrx_word' id='word_1_655' title='bbox 1280 1781 1383 1814; x_wconf 76' lang='lat' dir='ltr'>Angtiae</span> <span class='ocrx_word' id='word_1_656' title='bbox 1409 1786 1499 1813; x_wconf 75' lang='lat' dir='ltr'>regem</span> <span class='ocrx_word' id='word_1_657' title='bbox 1527 1781 1655 1812; x_wconf 66' lang='lat' dir='ltr'>praeclara</span> <span class='ocrx_word' id='word_1_658' title='bbox 1683 1778 1771 1803; x_wconf 84' lang='lat' dir='ltr'>virum</span> 
     </span>
     <span class='ocr_line' id='line_1_49' title="bbox 148 1816 1772 1852; baseline -0.003 -9"><span class='ocrx_word' id='word_1_659' title='bbox 148 1819 269 1851; x_wconf 83' lang='lat' dir='ltr'>pietate:</span> <span class='ocrx_word' id='word_1_660' title='bbox 290 1819 324 1845; x_wconf 86' lang='lat' dir='ltr'>de</span> <span class='ocrx_word' id='word_1_661' title='bbox 341 1826 455 1852; x_wconf 84' lang='lat' dir='ltr'>quorum</span> <span class='ocrx_word' id='word_1_662' title='bbox 473 1819 561 1844; x_wconf 85' lang='lat' dir='ltr'>attera</span> <span class='ocrx_word' id='word_1_663' title='bbox 580 1819 735 1852; x_wconf 77' lang='lat' dir='ltr'>tietgaudus</span> <span class='ocrx_word' id='word_1_664' title='bbox 755 1817 937 1844; x_wconf 80' lang='lat' dir='ltr'>Floriaccnsis</span> <span class='ocrx_word' id='word_1_665' title='bbox 956 1816 1025 1851; x_wconf 69' lang='lat'>(28),</span> <span class='ocrx_word' id='word_1_666' title='bbox 1050 1821 1112 1851; x_wconf 85' lang='lat' dir='ltr'>post</span> <span class='ocrx_word' id='word_1_667' title='bbox 1129 1816 1318 1842; x_wconf 84' lang='lat' dir='ltr'>coenobioruin</span> <span class='ocrx_word' id='word_1_668' title='bbox 1341 1816 1374 1841; x_wconf 89' lang='lat' dir='ltr'>ab</span> <span class='ocrx_word' id='word_1_669' title='bbox 1397 1822 1428 1840; x_wconf 83' lang='lat' dir='ltr'>ea</span> <span class='ocrx_word' id='word_1_670' title='bbox 1452 1819 1658 1840; x_wconf 60' lang='lat' dir='ltr'>exstructorum</span> <span class='ocrx_word' id='word_1_671' title='bbox 1677 1820 1772 1839; x_wconf 88' lang='lat' dir='ltr'>reeen-</span> 
     </span>
     <span class='ocr_line' id='line_1_50' title="bbox 147 1849 1772 1888; baseline -0.003 -10"><span class='ocrx_word' id='word_1_672' title='bbox 147 1861 264 1884; x_wconf 79' lang='lat' dir='ltr'>sionem,</span> <span class='ocrx_word' id='word_1_673' title='bbox 280 1854 315 1879; x_wconf 86' lang='lat' dir='ltr'>ita</span> <span class='ocrx_word' id='word_1_674' title='bbox 329 1855 440 1880; x_wconf 74' lang='lat' dir='ltr'>subdit:</span> <span class='ocrx_word' id='word_1_675' title='bbox 459 1862 467 1878; x_wconf 68' lang='grc' dir='ltr'>ι</span> <span class='ocrx_word' id='word_1_676' title='bbox 483 1854 599 1888; x_wconf 62' lang='lat' dir='ltr'>Spe-ciali</span> <span class='ocrx_word' id='word_1_677' title='bbox 622 1859 712 1880; x_wconf 85' lang='lat' dir='ltr'>autem</span> <span class='ocrx_word' id='word_1_678' title='bbox 728 1861 776 1879; x_wconf 86' lang='lat' dir='ltr'>suu</span> <span class='ocrx_word' id='word_1_679' title='bbox 792 1858 853 1887; x_wconf 84' lang='lat' dir='ltr'>post</span> <span class='ocrx_word' id='word_1_680' title='bbox 868 1852 1010 1878; x_wconf 85' lang='lat' dir='ltr'>Dominum</span> <span class='ocrx_word' id='word_1_681' title='bbox 1025 1853 1176 1878; x_wconf 86' lang='lat' dir='ltr'>amicorum</span> <span class='ocrx_word' id='word_1_682' title='bbox 1195 1851 1296 1882; x_wconf 79' lang='lat' dir='ltr'>amico,</span> <span class='ocrx_word' id='word_1_683' title='bbox 1315 1850 1394 1876; x_wconf 84' lang='lat' dir='ltr'>beato</span> <span class='ocrx_word' id='word_1_684' title='bbox 1419 1850 1547 1875; x_wconf 72' lang='lat' dir='ltr'>videlicet</span> <span class='ocrx_word' id='word_1_685' title='bbox 1566 1849 1708 1882; x_wconf 86' lang='lat' dir='ltr'>Dionysio,</span> <span class='ocrx_word' id='word_1_686' title='bbox 1725 1855 1772 1874; x_wconf 82' lang='lat' dir='ltr'>ca-</span> 
     </span>
     <span class='ocr_line' id='line_1_51' title="bbox 147 1883 1772 1923; baseline -0.004 -10"><span class='ocrx_word' id='word_1_687' title='bbox 147 1891 234 1915; x_wconf 79' lang='lat' dir='ltr'>sulani</span> <span class='ocrx_word' id='word_1_688' title='bbox 258 1891 327 1915; x_wconf 90' lang='lat' dir='ltr'>miro</span> <span class='ocrx_word' id='word_1_689' title='bbox 351 1890 444 1915; x_wconf 89' lang='lat' dir='ltr'>itidem</span> <span class='ocrx_word' id='word_1_690' title='bbox 461 1897 544 1923; x_wconf 87' lang='lat' dir='ltr'>opere</span> <span class='ocrx_word' id='word_1_691' title='bbox 560 1889 661 1916; x_wconf 77' lang='lat' dir='ltr'>saetam</span> <span class='ocrx_word' id='word_1_692' title='bbox 678 1890 807 1919; x_wconf 87' lang='lat' dir='ltr'>contulit,</span> <span class='ocrx_word' id='word_1_693' title='bbox 820 1889 893 1922; x_wconf 87' lang='lat' dir='ltr'>quod</span> <span class='ocrx_word' id='word_1_694' title='bbox 918 1895 987 1920; x_wconf 85' lang='lat' dir='ltr'>opus</span> <span class='ocrx_word' id='word_1_695' title='bbox 1010 1893 1124 1913; x_wconf 70' lang='lat' dir='ltr'>vocatur</span> <span class='ocrx_word' id='word_1_696' title='bbox 1141 1887 1216 1912; x_wconf 85' lang='lat' dir='ltr'>orbis</span> <span class='ocrx_word' id='word_1_697' title='bbox 1234 1890 1368 1912; x_wconf 86' lang='lat' dir='ltr'>terrarum</span> <span class='ocrx_word' id='word_1_698' title='bbox 1387 1884 1424 1910; x_wconf 87' lang='lat' dir='ltr'>illi</span> <span class='ocrx_word' id='word_1_699' title='bbox 1442 1884 1531 1910; x_wconf 87' lang='lat' dir='ltr'>Caroli</span> <span class='ocrx_word' id='word_1_700' title='bbox 1548 1884 1623 1910; x_wconf 72' lang='lat' dir='ltr'>Calvi</span> <span class='ocrx_word' id='word_1_701' title='bbox 1639 1883 1772 1909; x_wconf 85' lang='lat' dir='ltr'>dissimil-</span> 
     </span>
     <span class='ocr_line' id='line_1_52' title="bbox 148 1919 1772 1958; baseline -0.004 -9"><span class='ocrx_word' id='word_1_702' title='bbox 148 1924 253 1950; x_wconf 65' lang='lat' dir='ltr'>liiiium.</span> <span class='ocrx_word' id='word_1_703' title='bbox 281 1925 416 1958; x_wconf 58' lang='lat' dir='ltr'>sperabat</span> <span class='ocrx_word' id='word_1_704' title='bbox 436 1925 508 1951; x_wconf 89' lang='lat' dir='ltr'>euim</span> <span class='ocrx_word' id='word_1_705' title='bbox 534 1932 563 1951; x_wconf 83' lang='lat' dir='ltr'>se</span> <span class='ocrx_word' id='word_1_706' title='bbox 588 1926 641 1952; x_wconf 84' lang='lat' dir='ltr'>Deo</span> <span class='ocrx_word' id='word_1_707' title='bbox 657 1925 745 1951; x_wconf 81' lang='lat' dir='ltr'>tidelis</span> <span class='ocrx_word' id='word_1_708' title='bbox 767 1925 860 1957; x_wconf 79' lang='lat' dir='ltr'>regina</span> <span class='ocrx_word' id='word_1_709' title='bbox 877 1928 981 1957; x_wconf 76' lang='lat' dir='ltr'>partein</span> <span class='ocrx_word' id='word_1_710' title='bbox 1006 1922 1161 1948; x_wconf 79' lang='lat' dir='ltr'>habituram</span> <span class='ocrx_word' id='word_1_711' title='bbox 1185 1929 1246 1947; x_wconf 86' lang='lat' dir='ltr'>cnm</span> <span class='ocrx_word' id='word_1_712' title='bbox 1268 1930 1299 1947; x_wconf 78' lang='lat' dir='ltr'>eo</span> <span class='ocrx_word' id='word_1_713' title='bbox 1314 1922 1358 1947; x_wconf 83' lang='lat' dir='ltr'>cui</span> <span class='ocrx_word' id='word_1_714' title='bbox 1376 1920 1540 1954; x_wconf 67' lang='lat' dir='ltr'>promiserat</span> <span class='ocrx_word' id='word_1_715' title='bbox 1557 1919 1628 1945; x_wconf 84' lang='lat' dir='ltr'>Deus</span> <span class='ocrx_word' id='word_1_716' title='bbox 1645 1925 1772 1944; x_wconf 83' lang='lat' dir='ltr'>sermone</span> 
     </span>
     <span class='ocr_line' id='line_1_53' title="bbox 147 1953 1771 1995; baseline -0.004 -11"><span class='ocrx_word' id='word_1_717' title='bbox 147 1967 199 1984; x_wconf 88' lang='lat' dir='ltr'>tioii</span> <span class='ocrx_word' id='word_1_718' title='bbox 216 1969 294 1986; x_wconf 64' lang='lat' dir='ltr'>vasso</span> <span class='ocrx_word' id='word_1_719' title='bbox 313 1961 382 1995; x_wconf 51' lang='lat'>(29),</span> <span class='ocrx_word' id='word_1_720' title='bbox 404 1960 613 1987; x_wconf 72' lang='lat' dir='ltr'>iiiiiictiatuiuiii</span> <span class='ocrx_word' id='word_1_721' title='bbox 632 1968 680 1994; x_wconf 87' lang='lat' dir='ltr'>pro</span> <span class='ocrx_word' id='word_1_722' title='bbox 700 1960 909 1993; x_wconf 80' lang='lat' dir='ltr'>quibuscunque</span> <span class='ocrx_word' id='word_1_723' title='bbox 924 1958 1060 1991; x_wconf 87' lang='lat' dir='ltr'>petiisset.</span> <span class='ocrx_word' id='word_1_724' title='bbox 1079 1957 1185 1983; x_wconf 79' lang='lat' dir='ltr'>Etenim</span> <span class='ocrx_word' id='word_1_725' title='bbox 1204 1957 1331 1982; x_wconf 80' lang='lat' dir='ltr'>universa</span> <span class='ocrx_word' id='word_1_726' title='bbox 1349 1956 1493 1989; x_wconf 78' lang='lat' dir='ltr'>progenies</span> <span class='ocrx_word' id='word_1_727' title='bbox 1512 1954 1641 1980; x_wconf 86' lang='lat' dir='ltr'>l&#39;ainulaiu</span> <span class='ocrx_word' id='word_1_728' title='bbox 1657 1961 1686 1980; x_wconf 84' lang='lat' dir='ltr'>se</span> <span class='ocrx_word' id='word_1_729' title='bbox 1704 1953 1771 1979; x_wconf 87' lang='lat' dir='ltr'>tanti</span> 
     </span>
     <span class='ocr_line' id='line_1_54' title="bbox 147 1988 1771 2029; baseline -0.004 -10"><span class='ocrx_word' id='word_1_730' title='bbox 147 2000 278 2029; x_wconf 75' lang='lat' dir='ltr'>uiaityms</span> <span class='ocrx_word' id='word_1_731' title='bbox 290 1996 315 2021; x_wconf 76' lang='lat' dir='ltr'>iii</span> <span class='ocrx_word' id='word_1_732' title='bbox 329 1995 402 2021; x_wconf 92' lang='lat' dir='ltr'>omni</span> <span class='ocrx_word' id='word_1_733' title='bbox 417 1989 501 2029; x_wconf 77' lang='lat' dir='ltr'>opere</span> <span class='ocrx_word' id='word_1_734' title='bbox 516 1996 730 2028; x_wconf 80' lang='lat' dir='ltr'>proclamabat.»</span> <span class='ocrx_word' id='word_1_735' title='bbox 755 1995 791 2022; x_wconf 79' lang='lat' dir='ltr'>De</span> <span class='ocrx_word' id='word_1_736' title='bbox 806 1995 892 2021; x_wconf 86' lang='lat' dir='ltr'>altero</span> <span class='ocrx_word' id='word_1_737' title='bbox 918 1998 1008 2019; x_wconf 84' lang='lat' dir='ltr'>auten:</span> <span class='ocrx_word' id='word_1_738' title='bbox 1026 1994 1063 2019; x_wconf 84' lang='lat' dir='ltr'>ita</span> <span class='ocrx_word' id='word_1_739' title='bbox 1074 1991 1195 2025; x_wconf 78' lang='lat' dir='ltr'>Nangius</span> <span class='ocrx_word' id='word_1_740' title='bbox 1217 1991 1295 2025; x_wconf 47' lang='lat' dir='ltr'>(30ss</span> <span class='ocrx_word' id='word_1_741' title='bbox 1312 2001 1320 2015; x_wconf 80' lang='grc' dir='ltr'>ι</span> <span class='ocrx_word' id='word_1_742' title='bbox 1337 1993 1415 2016; x_wconf 86' lang='lat' dir='ltr'>Anno</span> <span class='ocrx_word' id='word_1_743' title='bbox 1439 1990 1544 2015; x_wconf 80' lang='lat' dir='ltr'>Domini</span> <span class='ocrx_word' id='word_1_744' title='bbox 1558 1989 1699 2015; x_wconf 87' lang='lat' dir='ltr'>millesimo</span> <span class='ocrx_word' id='word_1_745' title='bbox 1721 1988 1771 2014; x_wconf 89' lang='lat' dir='ltr'>du-</span> 
     </span>
     <span class='ocr_line' id='line_1_55' title="bbox 147 2023 1769 2065; baseline -0.005 -10"><span class='ocrx_word' id='word_1_746' title='bbox 147 2035 298 2056; x_wconf 76' lang='lat' dir='ltr'>centesimo</span> <span class='ocrx_word' id='word_1_747' title='bbox 315 2031 544 2065; x_wconf 82' lang='lat' dir='ltr'>quinquagesimo</span> <span class='ocrx_word' id='word_1_748' title='bbox 560 2039 631 2057; x_wconf 91' lang='lat' dir='ltr'>nono</span> <span class='ocrx_word' id='word_1_749' title='bbox 647 2030 782 2057; x_wconf 84' lang='lat' dir='ltr'>ttenricus</span> <span class='ocrx_word' id='word_1_750' title='bbox 799 2038 846 2056; x_wconf 81' lang='lat' dir='ltr'>rex</span> <span class='ocrx_word' id='word_1_751' title='bbox 863 2029 967 2062; x_wconf 73' lang='lat' dir='ltr'>Anglia:</span> <span class='ocrx_word' id='word_1_752' title='bbox 984 2033 1062 2055; x_wconf 87' lang='lat' dir='ltr'>venit</span> <span class='ocrx_word' id='word_1_753' title='bbox 1089 2028 1114 2053; x_wconf 93' lang='lat' dir='ltr'>in</span> <span class='ocrx_word' id='word_1_754' title='bbox 1139 2027 1295 2057; x_wconf 70' lang='lat' dir='ltr'>Franciaiii,</span> <span class='ocrx_word' id='word_1_755' title='bbox 1312 2030 1497 2059; x_wconf 77' lang='lat' dir='ltr'>exceptusque</span> <span class='ocrx_word' id='word_1_756' title='bbox 1514 2031 1556 2051; x_wconf 78' lang='lat' dir='ltr'>est</span> <span class='ocrx_word' id='word_1_757' title='bbox 1570 2024 1685 2050; x_wconf 71' lang='lat' dir='ltr'>Parisiis</span> <span class='ocrx_word' id='word_1_758' title='bbox 1703 2031 1717 2048; x_wconf 86' lang='lat' dir='ltr'>a</span> <span class='ocrx_word' id='word_1_759' title='bbox 1740 2023 1769 2048; x_wconf 70' lang='lat' dir='ltr'>S.</span> 
     </span>
     <span class='ocr_line' id='line_1_56' title="bbox 147 2059 1770 2100; baseline -0.005 -10"><span class='ocrx_word' id='word_1_760' title='bbox 147 2065 306 2092; x_wconf 68' lang='lat' dir='ltr'>Ludovicu:</span> <span class='ocrx_word' id='word_1_761' title='bbox 327 2070 500 2099; x_wconf 82' lang='lat' dir='ltr'>postmodnm</span> <span class='ocrx_word' id='word_1_762' title='bbox 519 2066 547 2091; x_wconf 80' lang='lat' dir='ltr'>B.</span> <span class='ocrx_word' id='word_1_763' title='bbox 566 2067 726 2100; x_wconf 84' lang='lat' dir='ltr'>Dionysium</span> <span class='ocrx_word' id='word_1_764' title='bbox 741 2066 854 2092; x_wconf 83' lang='lat' dir='ltr'>visitare</span> <span class='ocrx_word' id='word_1_765' title='bbox 874 2064 995 2097; x_wconf 80' lang='lat' dir='ltr'>cupiens,</span> <span class='ocrx_word' id='word_1_766' title='bbox 1019 2063 1145 2089; x_wconf 75' lang='lat' dir='ltr'>discessit</span> <span class='ocrx_word' id='word_1_767' title='bbox 1168 2061 1293 2092; x_wconf 78' lang='lat' dir='ltr'>Parisiis,</span> <span class='ocrx_word' id='word_1_768' title='bbox 1312 2066 1339 2086; x_wconf 84' lang='lat' dir='ltr'>et</span> <span class='ocrx_word' id='word_1_769' title='bbox 1370 2061 1403 2086; x_wconf 85' lang='lat' dir='ltr'>ad</span> <span class='ocrx_word' id='word_1_770' title='bbox 1425 2060 1570 2086; x_wconf 85' lang='lat' dir='ltr'>ecclesiam</span> <span class='ocrx_word' id='word_1_771' title='bbox 1594 2059 1770 2098; x_wconf 35' lang='lat' dir='ltr'>B.-Dioiiysti</span> 
     </span>
     <span class='ocr_line' id='line_1_57' title="bbox 146 2097 1769 2134; baseline -0.005 -8"><span class='ocrx_word' id='word_1_772' title='bbox 146 2106 221 2126; x_wconf 84' lang='lat' dir='ltr'>venit</span> <span class='ocrx_word' id='word_1_773' title='bbox 237 2108 298 2127; x_wconf 90' lang='lat' dir='ltr'>cuin</span> <span class='ocrx_word' id='word_1_774' title='bbox 314 2109 410 2134; x_wconf 76' lang='lat' dir='ltr'>magna</span> <span class='ocrx_word' id='word_1_775' title='bbox 425 2102 569 2128; x_wconf 68' lang='lat' dir='ltr'>devotione</span> <span class='ocrx_word' id='word_1_776' title='bbox 584 2107 611 2128; x_wconf 87' lang='lat' dir='ltr'>et</span> <span class='ocrx_word' id='word_1_777' title='bbox 626 2101 795 2132; x_wconf 82' lang='lat' dir='ltr'>reverentia,</span> <span class='ocrx_word' id='word_1_778' title='bbox 813 2106 991 2131; x_wconf 84' lang='lat' dir='ltr'>mensemque</span> <span class='ocrx_word' id='word_1_779' title='bbox 1006 2103 1033 2125; x_wconf 91' lang='lat' dir='ltr'>et</span> <span class='ocrx_word' id='word_1_780' title='bbox 1048 2107 1079 2124; x_wconf 90' lang='lat' dir='ltr'>co</span> <span class='ocrx_word' id='word_1_781' title='bbox 1093 2097 1210 2131; x_wconf 81' lang='lat' dir='ltr'>amptius</span> <span class='ocrx_word' id='word_1_782' title='bbox 1229 2098 1264 2123; x_wconf 89' lang='lat' dir='ltr'>ibi</span> <span class='ocrx_word' id='word_1_783' title='bbox 1279 2100 1475 2127; x_wconf 83' lang='lat' dir='ltr'>commoratus,</span> <span class='ocrx_word' id='word_1_784' title='bbox 1492 2100 1641 2121; x_wconf 82' lang='lat' dir='ltr'>conventui</span> <span class='ocrx_word' id='word_1_785' title='bbox 1653 2101 1769 2131; x_wconf 83' lang='lat' dir='ltr'>cappam</span> 
     </span>
     <span class='ocr_line' id='line_1_58' title="bbox 147 2130 1770 2171; baseline -0.004 -10"><span class='ocrx_word' id='word_1_786' title='bbox 147 2143 257 2161; x_wconf 81' lang='lat' dir='ltr'>auream</span> <span class='ocrx_word' id='word_1_787' title='bbox 278 2142 304 2162; x_wconf 87' lang='lat' dir='ltr'>ct</span> <span class='ocrx_word' id='word_1_788' title='bbox 325 2137 456 2171; x_wconf 82' lang='lat' dir='ltr'>scyphum</span> <span class='ocrx_word' id='word_1_789' title='bbox 473 2138 562 2171; x_wconf 79' lang='lat' dir='ltr'>magni</span> <span class='ocrx_word' id='word_1_790' title='bbox 584 2136 713 2171; x_wconf 83' lang='lat' dir='ltr'>ponderis</span> <span class='ocrx_word' id='word_1_791' title='bbox 730 2136 856 2162; x_wconf 87' lang='lat' dir='ltr'>contulit.</span> <span class='ocrx_word' id='word_1_792' title='bbox 885 2143 894 2159; x_wconf 74' lang='grc' dir='ltr'>ι</span> <span class='ocrx_word' id='word_1_793' title='bbox 920 2133 975 2160; x_wconf 76' lang='lat' dir='ltr'>Nee</span> <span class='ocrx_word' id='word_1_794' title='bbox 1000 2134 1193 2159; x_wconf 75' lang='lat' dir='ltr'>inhonoratum</span> <span class='ocrx_word' id='word_1_795' title='bbox 1214 2132 1408 2158; x_wconf 71' lang='lat' dir='ltr'>indonatumt&#39;e</span> <span class='ocrx_word' id='word_1_796' title='bbox 1425 2130 1453 2156; x_wconf 75' lang='lat' dir='ltr'>S.</span> <span class='ocrx_word' id='word_1_797' title='bbox 1478 2130 1636 2165; x_wconf 86' lang='lat' dir='ltr'>Dionysium</span> <span class='ocrx_word' id='word_1_798' title='bbox 1660 2130 1770 2162; x_wconf 72' lang='lat' dir='ltr'>reliquit</span> 
     </span>
     <span class='ocr_line' id='line_1_59' title="bbox 147 2163 1770 2205; baseline -0.005 -9"><span class='ocrx_word' id='word_1_799' title='bbox 147 2172 285 2205; x_wconf 80' lang='lat' dir='ltr'>t’tiitippus</span> <span class='ocrx_word' id='word_1_800' title='bbox 300 2172 317 2197; x_wconf 93' lang='grc' dir='ltr'>ΙΙ</span> <span class='ocrx_word' id='word_1_801' title='bbox 329 2172 521 2205; x_wconf 75' lang='lat' dir='ltr'>Hispaniarum</span> <span class='ocrx_word' id='word_1_802' title='bbox 540 2180 586 2199; x_wconf 83' lang='lat' dir='ltr'>rex</span> <span class='ocrx_word' id='word_1_803' title='bbox 601 2180 608 2203; x_wconf 79' lang='lat'><em>3</em></span> <span class='ocrx_word' id='word_1_804' title='bbox 625 2172 671 2205; x_wconf 92' lang='lat' dir='ltr'>qui</span> <span class='ocrx_word' id='word_1_805' title='bbox 687 2175 800 2198; x_wconf 77' lang='lat' dir='ltr'>obtento</span> <span class='ocrx_word' id='word_1_806' title='bbox 816 2179 831 2196; x_wconf 85' lang='lat' dir='ltr'>a</span> <span class='ocrx_word' id='word_1_807' title='bbox 847 2178 910 2202; x_wconf 72' lang='lat' dir='ltr'>rege</span> <span class='ocrx_word' id='word_1_808' title='bbox 926 2169 1048 2195; x_wconf 60' lang='lat' dir='ltr'>t³ranciae</span> <span class='ocrx_word' id='word_1_809' title='bbox 1065 2168 1093 2194; x_wconf 76' lang='lat' dir='ltr'>S.</span> <span class='ocrx_word' id='word_1_810' title='bbox 1113 2168 1225 2201; x_wconf 63' lang='lat' dir='ltr'>fingenii</span> <span class='ocrx_word' id='word_1_811' title='bbox 1243 2168 1323 2201; x_wconf 91' lang='lat' dir='ltr'>piiiui</span> <span class='ocrx_word' id='word_1_812' title='bbox 1338 2166 1468 2192; x_wconf 77' lang='lat' dir='ltr'>antistitis</span> <span class='ocrx_word' id='word_1_813' title='bbox 1485 2164 1610 2191; x_wconf 84' lang='lat' dir='ltr'>Toletani</span> <span class='ocrx_word' id='word_1_814' title='bbox 1626 2163 1710 2198; x_wconf 81' lang='lat' dir='ltr'>(quod</span> <span class='ocrx_word' id='word_1_815' title='bbox 1725 2164 1770 2189; x_wconf 88' lang='lat' dir='ltr'>diu</span> 
     </span>
     <span class='ocr_line' id='line_1_60' title="bbox 147 2199 1771 2242; baseline -0.005 -10"><span class='ocrx_word' id='word_1_816' title='bbox 147 2208 315 2240; x_wconf 85' lang='lat' dir='ltr'>inultumque</span> <span class='ocrx_word' id='word_1_817' title='bbox 330 2208 525 2242; x_wconf 72' lang='lat' dir='ltr'>postulaverat)</span> <span class='ocrx_word' id='word_1_818' title='bbox 550 2214 629 2234; x_wconf 78' lang='lat' dir='ltr'>sacro</span> <span class='ocrx_word' id='word_1_819' title='bbox 647 2214 771 2241; x_wconf 84' lang='lat' dir='ltr'>corpore,</span> <span class='ocrx_word' id='word_1_820' title='bbox 798 2207 824 2233; x_wconf 94' lang='lat' dir='ltr'>iii</span> <span class='ocrx_word' id='word_1_821' title='bbox 852 2205 920 2231; x_wconf 86' lang='lat' dir='ltr'>tanti</span> <span class='ocrx_word' id='word_1_822' title='bbox 943 2204 1102 2230; x_wconf 84' lang='lat' dir='ltr'>memoriam</span> <span class='ocrx_word' id='word_1_823' title='bbox 1127 2203 1265 2233; x_wconf 60' lang='lat' dir='ltr'>liciietieii,</span> <span class='ocrx_word' id='word_1_824' title='bbox 1291 2206 1317 2228; x_wconf 89' lang='lat' dir='ltr'>ct</span> <span class='ocrx_word' id='word_1_825' title='bbox 1333 2201 1412 2227; x_wconf 88' lang='lat' dir='ltr'>simul</span> <span class='ocrx_word' id='word_1_826' title='bbox 1434 2200 1506 2234; x_wconf 82' lang='lat' dir='ltr'>quod</span> <span class='ocrx_word' id='word_1_827' title='bbox 1526 2201 1597 2226; x_wconf 82' lang='lat' dir='ltr'>idem</span> <span class='ocrx_word' id='word_1_828' title='bbox 1621 2199 1771 2233; x_wconf 65' lang='lat' dir='ltr'>fingenius,</span> 
     </span>
     <span class='ocr_line' id='line_1_61' title="bbox 148 2236 1769 2276; baseline -0.004 -9"><span class='ocrx_word' id='word_1_829' title='bbox 148 2242 269 2276; x_wconf 78' lang='lat' dir='ltr'>Dionysii</span> <span class='ocrx_word' id='word_1_830' title='bbox 292 2244 463 2276; x_wconf 74' lang='lat' dir='ltr'>Areopagita:</span> <span class='ocrx_word' id='word_1_831' title='bbox 479 2243 640 2276; x_wconf 73' lang='lat' dir='ltr'>disciputus,</span> <span class='ocrx_word' id='word_1_832' title='bbox 664 2243 698 2269; x_wconf 83' lang='lat' dir='ltr'>ab</span> <span class='ocrx_word' id='word_1_833' title='bbox 713 2250 745 2268; x_wconf 85' lang='lat' dir='ltr'>eo</span> <span class='ocrx_word' id='word_1_834' title='bbox 769 2242 794 2267; x_wconf 93' lang='lat' dir='ltr'>in</span> <span class='ocrx_word' id='word_1_835' title='bbox 811 2240 969 2275; x_wconf 75' lang='lat' dir='ltr'>Hispaniam</span> <span class='ocrx_word' id='word_1_836' title='bbox 992 2240 1090 2265; x_wconf 73' lang='lat' dir='ltr'>missus</span> <span class='ocrx_word' id='word_1_837' title='bbox 1106 2244 1190 2270; x_wconf 81' lang='lat' dir='ltr'>esset,</span> <span class='ocrx_word' id='word_1_838' title='bbox 1211 2239 1299 2264; x_wconf 82' lang='lat' dir='ltr'>eidem</span> <span class='ocrx_word' id='word_1_839' title='bbox 1319 2236 1432 2270; x_wconf 80' lang='lat' dir='ltr'>martyri</span> <span class='ocrx_word' id='word_1_840' title='bbox 1456 2236 1587 2269; x_wconf 81' lang='lat' dir='ltr'>Dionysio</span> <span class='ocrx_word' id='word_1_841' title='bbox 1611 2239 1769 2274; x_wconf 47' lang='lat' dir='ltr'>argenteam</span> 
     </span>
     <span class='ocr_line' id='line_1_62' title="bbox 148 2270 1768 2311; baseline -0.005 -10"><span class='ocrx_word' id='word_1_842' title='bbox 148 2277 299 2310; x_wconf 85' lang='lat' dir='ltr'>lampadem</span> <span class='ocrx_word' id='word_1_843' title='bbox 323 2278 511 2311; x_wconf 73' lang='lat' dir='ltr'>magnitudine</span> <span class='ocrx_word' id='word_1_844' title='bbox 534 2284 561 2304; x_wconf 85' lang='lat' dir='ltr'>ct</span> <span class='ocrx_word' id='word_1_845' title='bbox 578 2278 696 2304; x_wconf 71' lang='lat' dir='ltr'>artificio</span> <span class='ocrx_word' id='word_1_846' title='bbox 713 2277 891 2310; x_wconf 80' lang='lat' dir='ltr'>spectabilem</span> <span class='ocrx_word' id='word_1_847' title='bbox 907 2277 1006 2301; x_wconf 86' lang='lat' dir='ltr'>donum</span> <span class='ocrx_word' id='word_1_848' title='bbox 1023 2275 1109 2300; x_wconf 87' lang='lat' dir='ltr'>misit.</span> <span class='ocrx_word' id='word_1_849' title='bbox 1135 2273 1207 2305; x_wconf 81' lang='lat' dir='ltr'>lstis,</span> <span class='ocrx_word' id='word_1_850' title='bbox 1228 2281 1287 2307; x_wconf 83' lang='lat' dir='ltr'>qua:</span> <span class='ocrx_word' id='word_1_851' title='bbox 1312 2273 1337 2297; x_wconf 94' lang='lat' dir='ltr'>in</span> <span class='ocrx_word' id='word_1_852' title='bbox 1363 2272 1414 2298; x_wconf 81' lang='lat' dir='ltr'>lioe</span> <span class='ocrx_word' id='word_1_853' title='bbox 1433 2279 1533 2304; x_wconf 79' lang='lat' dir='ltr'>genere</span> <span class='ocrx_word' id='word_1_854' title='bbox 1550 2271 1687 2304; x_wconf 68' lang='lat' dir='ltr'>praecipua</span> <span class='ocrx_word' id='word_1_855' title='bbox 1713 2270 1768 2303; x_wconf 62' lang='lat' dir='ltr'>(ol)</span> 
     </span>
     <span class='ocr_line' id='line_1_63' title="bbox 147 2307 1630 2346; baseline -0.004 -9"><span class='ocrx_word' id='word_1_856' title='bbox 147 2320 220 2344; x_wconf 83' lang='lat' dir='ltr'>sunt,</span> <span class='ocrx_word' id='word_1_857' title='bbox 238 2315 341 2340; x_wconf 80' lang='lat' dir='ltr'>cursim</span> <span class='ocrx_word' id='word_1_858' title='bbox 356 2314 491 2346; x_wconf 81' lang='lat' dir='ltr'>delibatis,</span> <span class='ocrx_word' id='word_1_859' title='bbox 509 2320 610 2340; x_wconf 79' lang='lat' dir='ltr'>caetera</span> <span class='ocrx_word' id='word_1_860' title='bbox 625 2313 796 2344; x_wconf 80' lang='lat' dir='ltr'>transiliens,</span> <span class='ocrx_word' id='word_1_861' title='bbox 812 2313 845 2338; x_wconf 84' lang='lat' dir='ltr'>ad</span> <span class='ocrx_word' id='word_1_862' title='bbox 863 2311 1031 2337; x_wconf 76' lang='lat' dir='ltr'>mirabiliora</span> <span class='ocrx_word' id='word_1_863' title='bbox 1052 2310 1224 2343; x_wconf 64' lang='lat' dir='ltr'>Dionysiana:</span> <span class='ocrx_word' id='word_1_864' title='bbox 1241 2314 1350 2334; x_wconf 67' lang='lat' dir='ltr'>virtutis</span> <span class='ocrx_word' id='word_1_865' title='bbox 1372 2308 1450 2341; x_wconf 79' lang='lat' dir='ltr'>signa</span> <span class='ocrx_word' id='word_1_866' title='bbox 1467 2307 1630 2340; x_wconf 80' lang='lat' dir='ltr'>dcpropcro.</span> 
     </span>
    </p>
   </div>
   <div class='ocr_carea' id='block_1_3' title="bbox 848 2427 1076 2455">
    <p class='ocr_par' dir='ltr' id='par_1_6' title="bbox 848 2427 1076 2455">
     <span class='ocr_line' id='line_1_64' title="bbox 848 2427 1076 2455; baseline -0.004 0"><span class='ocrx_word' id='word_1_867' title='bbox 848 2427 1076 2455; x_wconf 64' lang='lat' dir='ltr'>lN&#39;OTATlONt-LS.</span> 
     </span>
    </p>
   </div>
   <div class='ocr_carea' id='block_1_4' title="bbox 186 2479 1769 2521">
    <p class='ocr_par' dir='ltr' id='par_1_7' title="bbox 186 2479 1769 2521">
     <span class='ocr_line' id='line_1_65' title="bbox 186 2479 1769 2521; baseline -0.004 -11"><span class='ocrx_word' id='word_1_868' title='bbox 186 2488 241 2520; x_wconf 60' lang='lat'>(¹23)</span> <span class='ocrx_word' id='word_1_869' title='bbox 263 2489 289 2514; x_wconf 86' lang='lat' dir='ltr'>tii</span> <span class='ocrx_word' id='word_1_870' title='bbox 308 2486 393 2514; x_wconf 68' lang='lat' dir='ltr'>lievel.</span> <span class='ocrx_word' id='word_1_871' title='bbox 408 2493 550 2517; x_wconf 56' lang='lat' dir='ltr'>curuum.</span> <span class='ocrx_word' id='word_1_872' title='bbox 564 2487 609 2521; x_wconf 77' lang='lat'>9-2,</span> <span class='ocrx_word' id='word_1_873' title='bbox 623 2488 689 2515; x_wconf 87' lang='lat' dir='ltr'>etin</span> <span class='ocrx_word' id='word_1_874' title='bbox 709 2487 769 2513; x_wconf 82' lang='lat' dir='ltr'>Vita</span> <span class='ocrx_word' id='word_1_875' title='bbox 785 2488 842 2520; x_wconf 77' lang='lat' dir='ltr'>ejus</span> <span class='ocrx_word' id='word_1_876' title='bbox 862 2493 934 2514; x_wconf 89' lang='lat' dir='ltr'>tomo</span> <span class='ocrx_word' id='word_1_877' title='bbox 949 2489 971 2516; x_wconf 79' lang='grc' dir='ltr'>Λ</span> <span class='ocrx_word' id='word_1_878' title='bbox 993 2484 1050 2511; x_wconf 74' lang='lat' dir='ltr'>Vitii</span> <span class='ocrx_word' id='word_1_879' title='bbox 1067 2484 1095 2511; x_wconf 84' lang='lat' dir='ltr'>S.</span> <span class='ocrx_word' id='word_1_880' title='bbox 1115 2484 1244 2518; x_wconf 68' lang='lat' dir='ltr'>Dionysii,</span> <span class='ocrx_word' id='word_1_881' title='bbox 1269 2484 1313 2511; x_wconf 88' lang='lat' dir='ltr'>ubi</span> <span class='ocrx_word' id='word_1_882' title='bbox 1330 2484 1388 2510; x_wconf 66' lang='lat' dir='ltr'>lianc</span> <span class='ocrx_word' id='word_1_883' title='bbox 1405 2482 1484 2508; x_wconf 88' lang='lat' dir='ltr'>verba</span> <span class='ocrx_word' id='word_1_884' title='bbox 1499 2489 1506 2505; x_wconf 68' lang='grc' dir='ltr'>ι</span> <span class='ocrx_word' id='word_1_885' title='bbox 1529 2479 1640 2504; x_wconf 56' lang='lat' dir='ltr'>Diti-ctio</span> <span class='ocrx_word' id='word_1_886' title='bbox 1656 2484 1678 2504; x_wconf 75' lang='lat' dir='ltr'>et</span> <span class='ocrx_word' id='word_1_887' title='bbox 1693 2479 1769 2504; x_wconf 75' lang='lat' dir='ltr'>beni-</span> 
     </span>
    </p>
   </div>
   <div class='ocr_carea' id='block_1_5' title="bbox 150 2521 935 2869">
    <p class='ocr_par' dir='ltr' id='par_1_8' title="bbox 151 2521 289 2549">
     <span class='ocr_line' id='line_1_66' title="bbox 151 2521 289 2549; baseline 0.022 -3"><span class='ocrx_word' id='word_1_888' title='bbox 151 2521 177 2546; x_wconf 49' lang='lat' dir='ltr'>lt</span> <span class='ocrx_word' id='word_1_889' title='bbox 205 2524 289 2549; x_wconf 63' lang='lat' dir='ltr'>burit-</span> 
     </span>
    </p>

    <p class='ocr_par' dir='ltr' id='par_1_9' title="bbox 150 2556 931 2624">
     <span class='ocr_line' id='line_1_67' title="bbox 188 2556 931 2594; baseline 0 -11"><span class='ocrx_word' id='word_1_890' title='bbox 188 2559 243 2591; x_wconf 68' lang='lat' dir='ltr'>iz’b)</span> <span class='ocrx_word' id='word_1_891' title='bbox 263 2560 290 2584; x_wconf 68' lang='lat' dir='ltr'>s.</span> <span class='ocrx_word' id='word_1_892' title='bbox 316 2558 488 2585; x_wconf 79' lang='lat' dir='ltr'>Marcellinus</span> <span class='ocrx_word' id='word_1_893' title='bbox 512 2559 655 2594; x_wconf 76' lang='lat' dir='ltr'>presbyter</span> <span class='ocrx_word' id='word_1_894' title='bbox 681 2559 707 2586; x_wconf 93' lang='lat' dir='ltr'>iii</span> <span class='ocrx_word' id='word_1_895' title='bbox 735 2558 795 2585; x_wconf 73' lang='lat' dir='ltr'>t&#39;i&#39;ta</span> <span class='ocrx_word' id='word_1_896' title='bbox 811 2558 840 2586; x_wconf 81' lang='lat' dir='ltr'>S.</span> <span class='ocrx_word' id='word_1_897' title='bbox 864 2556 931 2583; x_wconf 73' lang='grc' dir='ltr'>διοι-</span> 
     </span>
     <span class='ocr_line' id='line_1_68' title="bbox 150 2594 567 2624; baseline 0.002 -5"><span class='ocrx_word' id='word_1_898' title='bbox 150 2595 225 2624; x_wconf 63' lang='grc' dir='ltr'>ὺυιιι,</span> <span class='ocrx_word' id='word_1_899' title='bbox 255 2603 279 2619; x_wconf 71' lang='lat' dir='ltr'>r.</span> <span class='ocrx_word' id='word_1_900' title='bbox 298 2594 340 2624; x_wconf 85' lang='lat' dir='ltr'>ti,</span> <span class='ocrx_word' id='word_1_901' title='bbox 359 2598 430 2620; x_wconf 65' lang='lat' dir='ltr'>tenio</span> <span class='ocrx_word' id='word_1_902' title='bbox 447 2594 466 2620; x_wconf 90' lang='lat' dir='ltr'>ll</span> <span class='ocrx_word' id='word_1_903' title='bbox 483 2595 567 2620; x_wconf 77' lang='lat' dir='ltr'>Siirii.</span> 
     </span>
    </p>

    <p class='ocr_par' dir='ltr' id='par_1_10' title="bbox 186 2629 757 2662">
     <span class='ocr_line' id='line_1_69' title="bbox 186 2629 757 2662; baseline 0.005 -9"><span class='ocrx_word' id='word_1_904' title='bbox 186 2630 242 2662; x_wconf 58' lang='grc' dir='ltr'>(Ξῖ)</span> <span class='ocrx_word' id='word_1_905' title='bbox 265 2630 340 2661; x_wconf 83' lang='lat' dir='ltr'>Apud</span> <span class='ocrx_word' id='word_1_906' title='bbox 359 2630 480 2660; x_wconf 78' lang='lat' dir='ltr'>Surium,</span> <span class='ocrx_word' id='word_1_907' title='bbox 498 2635 571 2655; x_wconf 88' lang='lat' dir='ltr'>tomo</span> <span class='ocrx_word' id='word_1_908' title='bbox 582 2630 611 2656; x_wconf 84' lang='lat' dir='ltr'>Vt</span> <span class='ocrx_word' id='word_1_909' title='bbox 626 2629 757 2657; x_wconf 71' lang='lat' dir='ltr'>vitarunt.</span> 
     </span>
    </p>

    <p class='ocr_par' dir='ltr' id='par_1_11' title="bbox 151 2664 935 2725">
     <span class='ocr_line' id='line_1_70' title="bbox 186 2664 935 2700; baseline 0.003 -11"><span class='ocrx_word' id='word_1_910' title='bbox 186 2666 241 2697; x_wconf 61' lang='grc'>(25)</span> <span class='ocrx_word' id='word_1_911' title='bbox 267 2664 421 2698; x_wconf 65' lang='lat' dir='ltr'>ltetgaudus</span> <span class='ocrx_word' id='word_1_912' title='bbox 446 2665 472 2690; x_wconf 91' lang='lat' dir='ltr'>iii</span> <span class='ocrx_word' id='word_1_913' title='bbox 498 2665 557 2690; x_wconf 83' lang='lat' dir='ltr'>Vita</span> <span class='ocrx_word' id='word_1_914' title='bbox 585 2665 690 2691; x_wconf 56' lang='lat' dir='ltr'>nobem*</span> <span class='ocrx_word' id='word_1_915' title='bbox 716 2667 781 2700; x_wconf 71' lang='lat' dir='ltr'>reqi&#39;s</span> <span class='ocrx_word' id='word_1_916' title='bbox 813 2664 935 2692; x_wconf 81' lang='lat' dir='ltr'>Franco-</span> 
     </span>
     <span class='ocr_line' id='line_1_71' title="bbox 151 2708 215 2725; baseline -0.031 0"><span class='ocrx_word' id='word_1_917' title='bbox 151 2708 215 2725; x_wconf 72' lang='lat' dir='ltr'>riou.</span> 
     </span>
    </p>

    <p class='ocr_par' dir='ltr' id='par_1_12' title="bbox 151 2733 933 2869">
     <span class='ocr_line' id='line_1_72' title="bbox 186 2733 933 2767; baseline 0.001 -6"><span class='ocrx_word' id='word_1_918' title='bbox 186 2736 241 2767; x_wconf 58' lang='lat'>(20)</span> <span class='ocrx_word' id='word_1_919' title='bbox 257 2735 305 2761; x_wconf 78' lang='lat' dir='ltr'>Cui</span> <span class='ocrx_word' id='word_1_920' title='bbox 319 2734 471 2767; x_wconf 75' lang='lat' dir='ltr'>promiserat</span> <span class='ocrx_word' id='word_1_921' title='bbox 486 2733 555 2760; x_wconf 81' lang='lat' dir='ltr'>Deus</span> <span class='ocrx_word' id='word_1_922' title='bbox 571 2743 688 2762; x_wconf 78' lang='lat' dir='ltr'>sermone</span> <span class='ocrx_word' id='word_1_923' title='bbox 703 2744 753 2761; x_wconf 86' lang='lat' dir='ltr'>non</span> <span class='ocrx_word' id='word_1_924' title='bbox 768 2745 853 2762; x_wconf 71' lang='lat' dir='ltr'>casso.</span> <span class='ocrx_word' id='word_1_925' title='bbox 869 2735 933 2762; x_wconf 82' lang='lat' dir='ltr'>Pro-</span> 
     </span>
     <span class='ocr_line' id='line_1_73' title="bbox 151 2769 931 2805; baseline 0.003 -10"><span class='ocrx_word' id='word_1_926' title='bbox 151 2778 257 2796; x_wconf 74' lang='lat' dir='ltr'>misisse</span> <span class='ocrx_word' id='word_1_927' title='bbox 281 2769 364 2795; x_wconf 86' lang='lat' dir='ltr'>Deum</span> <span class='ocrx_word' id='word_1_928' title='bbox 387 2777 465 2802; x_wconf 88' lang='lat' dir='ltr'>opcin</span> <span class='ocrx_word' id='word_1_929' title='bbox 483 2770 610 2796; x_wconf 87' lang='lat' dir='ltr'>omnibus</span> <span class='ocrx_word' id='word_1_930' title='bbox 636 2779 684 2803; x_wconf 83' lang='lat' dir='ltr'>pro</span> <span class='ocrx_word' id='word_1_931' title='bbox 704 2775 803 2805; x_wconf 79' lang='lat' dir='ltr'>quibus</span> <span class='ocrx_word' id='word_1_932' title='bbox 827 2771 931 2804; x_wconf 88' lang='lat' dir='ltr'>suppli-</span> 
     </span>
     <span class='ocr_line' id='line_1_74' title="bbox 152 2805 933 2839; baseline 0.004 -10"><span class='ocrx_word' id='word_1_933' title='bbox 152 2812 243 2831; x_wconf 66' lang='lat' dir='ltr'>casset</span> <span class='ocrx_word' id='word_1_934' title='bbox 260 2806 287 2830; x_wconf 76' lang='lat' dir='ltr'>S.</span> <span class='ocrx_word' id='word_1_935' title='bbox 309 2805 463 2838; x_wconf 85' lang='lat' dir='ltr'>Dionysius,</span> <span class='ocrx_word' id='word_1_936' title='bbox 479 2811 577 2836; x_wconf 82' lang='lat' dir='ltr'>pr.i:tcr</span> <span class='ocrx_word' id='word_1_937' title='bbox 596 2806 761 2839; x_wconf 78' lang='lat' dir='ltr'>tietgaudum</span> <span class='ocrx_word' id='word_1_938' title='bbox 780 2807 933 2832; x_wconf 72' lang='lat' dir='ltr'>floriacen-</span> 
     </span>
     <span class='ocr_line' id='line_1_75' title="bbox 153 2841 931 2869; baseline 0 -2"><span class='ocrx_word' id='word_1_939' title='bbox 153 2851 209 2867; x_wconf 66' lang='lat'>&gt;⁴:¹11</span> <span class='ocrx_word' id='word_1_940' title='bbox 230 2843 272 2867; x_wconf 86' lang='lat' dir='ltr'>tnc</span> <span class='ocrx_word' id='word_1_941' title='bbox 292 2841 439 2869; x_wconf 59' lang='lat' dir='ltr'>laudatusi.</span> <span class='ocrx_word' id='word_1_942' title='bbox 455 2845 535 2866; x_wconf 60' lang='lat' dir='ltr'>ctiam</span> <span class='ocrx_word' id='word_1_943' title='bbox 552 2845 666 2867; x_wconf 70' lang='lat' dir='ltr'>test-itus</span> <span class='ocrx_word' id='word_1_944' title='bbox 685 2847 724 2868; x_wconf 80' lang='lat' dir='ltr'>est</span> <span class='ocrx_word' id='word_1_945' title='bbox 746 2841 889 2868; x_wconf 82' lang='lat' dir='ltr'>ttilduinus</span> <span class='ocrx_word' id='word_1_946' title='bbox 905 2841 931 2868; x_wconf 87' lang='grc' dir='ltr'>ιιι</span> 
     </span>
    </p>
   </div>
   <div class='ocr_carea' id='block_1_6' title="bbox 985 2514 1768 2874">
    <p class='ocr_par' dir='ltr' id='par_1_13' title="bbox 985 2514 1768 2874">
     <span class='ocr_line' id='line_1_76' title="bbox 985 2514 1765 2554; baseline -0.01 -8"><span class='ocrx_word' id='word_1_947' title='bbox 985 2526 1072 2554; x_wconf 67' lang='lat' dir='ltr'>quitus</span> <span class='ocrx_word' id='word_1_948' title='bbox 1086 2529 1165 2554; x_wconf 81' lang='lat' dir='ltr'>quum</span> <span class='ocrx_word' id='word_1_949' title='bbox 1184 2520 1273 2551; x_wconf 75' lang='lat' dir='ltr'>nubes,</span> <span class='ocrx_word' id='word_1_950' title='bbox 1287 2526 1398 2551; x_wconf 74' lang='lat' dir='ltr'>semper,</span> <span class='ocrx_word' id='word_1_951' title='bbox 1421 2524 1466 2550; x_wconf 82' lang='lat' dir='ltr'>pro</span> <span class='ocrx_word' id='word_1_952' title='bbox 1480 2522 1633 2549; x_wconf 69' lang='lat' dir='ltr'>quocunque</span> <span class='ocrx_word' id='word_1_953' title='bbox 1648 2514 1765 2547; x_wconf 67' lang='lat' dir='ltr'>petieris,</span> 
     </span>
     <span class='ocr_line' id='line_1_77' title="bbox 988 2550 1768 2589; baseline -0.01 -8"><span class='ocrx_word' id='word_1_954' title='bbox 988 2556 1145 2589; x_wconf 65' lang='lat' dir='ltr'>impetrabit.</span> <span class='ocrx_word' id='word_1_955' title='bbox 1163 2555 1254 2581; x_wconf 65' lang='lat' dir='ltr'>ltel&#39;ert</span> <span class='ocrx_word' id='word_1_956' title='bbox 1267 2556 1363 2581; x_wconf 81' lang='lat' dir='ltr'>eadem</span> <span class='ocrx_word' id='word_1_957' title='bbox 1381 2555 1462 2578; x_wconf 64' lang='lat' dir='ltr'>verba</span> <span class='ocrx_word' id='word_1_958' title='bbox 1474 2551 1635 2577; x_wconf 74' lang='lat' dir='ltr'>Guilicliiius</span> <span class='ocrx_word' id='word_1_959' title='bbox 1648 2550 1768 2588; x_wconf 57' lang='lat' dir='ltr'>bangius</span> 
     </span>
     <span class='ocr_line' id='line_1_78' title="bbox 989 2586 1768 2622; baseline -0.01 -5"><span class='ocrx_word' id='word_1_960' title='bbox 989 2592 1016 2618; x_wconf 92' lang='lat' dir='ltr'>in</span> <span class='ocrx_word' id='word_1_961' title='bbox 1035 2591 1093 2616; x_wconf 79' lang='lat' dir='ltr'>Vita</span> <span class='ocrx_word' id='word_1_962' title='bbox 1110 2591 1139 2617; x_wconf 74' lang='lat' dir='ltr'>S.</span> <span class='ocrx_word' id='word_1_963' title='bbox 1156 2589 1296 2616; x_wconf 77' lang='lat' dir='ltr'>Ludovici.</span> <span class='ocrx_word' id='word_1_964' title='bbox 1315 2588 1435 2615; x_wconf 77' lang='lat' dir='ltr'>Similem</span> <span class='ocrx_word' id='word_1_965' title='bbox 1450 2594 1464 2611; x_wconf 87' lang='lat' dir='ltr'>a</span> <span class='ocrx_word' id='word_1_966' title='bbox 1483 2586 1597 2612; x_wconf 84' lang='lat' dir='ltr'>Doinino</span> <span class='ocrx_word' id='word_1_967' title='bbox 1612 2592 1768 2622; x_wconf 84' lang='lat' dir='ltr'>promissio-</span> 
     </span>
     <span class='ocr_line' id='line_1_79' title="bbox 991 2622 1768 2659; baseline -0.012 -6"><span class='ocrx_word' id='word_1_968' title='bbox 991 2634 1050 2653; x_wconf 85' lang='lat' dir='ltr'>nem</span> <span class='ocrx_word' id='word_1_969' title='bbox 1068 2634 1162 2659; x_wconf 74' lang='lat' dir='ltr'>preccs</span> <span class='ocrx_word' id='word_1_970' title='bbox 1176 2627 1204 2654; x_wconf 80' lang='lat' dir='ltr'>S.</span> <span class='ocrx_word' id='word_1_971' title='bbox 1220 2625 1272 2650; x_wconf 75' lang='lat' dir='ltr'>Viti</span> <span class='ocrx_word' id='word_1_972' title='bbox 1288 2623 1414 2657; x_wconf 82' lang='lat' dir='ltr'>martyris</span> <span class='ocrx_word' id='word_1_973' title='bbox 1431 2622 1600 2647; x_wconf 84' lang='lat' dir='ltr'>subsecutam</span> <span class='ocrx_word' id='word_1_974' title='bbox 1615 2627 1686 2650; x_wconf 79' lang='lat' dir='ltr'>esse,</span> <span class='ocrx_word' id='word_1_975' title='bbox 1701 2627 1768 2645; x_wconf 77' lang='lat' dir='ltr'>seri-</span> 
     </span>
     <span class='ocr_line' id='line_1_80' title="bbox 991 2655 1766 2693; baseline -0.012 -6"><span class='ocrx_word' id='word_1_976' title='bbox 991 2664 1028 2688; x_wconf 86' lang='lat' dir='ltr'>bit</span> <span class='ocrx_word' id='word_1_977' title='bbox 1054 2661 1234 2687; x_wconf 80' lang='lat' dir='ltr'>Witicliiiidus</span> <span class='ocrx_word' id='word_1_978' title='bbox 1261 2660 1306 2686; x_wconf 74' lang='lat' dir='ltr'>lit).</span> <span class='ocrx_word' id='word_1_979' title='bbox 1334 2667 1353 2685; x_wconf 91' lang='lat' dir='ltr'>ti</span> <span class='ocrx_word' id='word_1_980' title='bbox 1389 2657 1527 2682; x_wconf 71' lang='lat' dir='ltr'>Gestorum</span> <span class='ocrx_word' id='word_1_981' title='bbox 1553 2655 1744 2693; x_wconf 63' lang='lat' dir='ltr'>Saxona-orum</span> <span class='ocrx_word' id='word_1_982' title='bbox 1756 2661 1766 2678; x_wconf 84' lang='lat'><em>:</em></span> 
     </span>
     <span class='ocr_line' id='line_1_81' title="bbox 994 2689 1767 2728; baseline -0.012 -6"><span class='ocrx_word' id='word_1_983' title='bbox 994 2706 1002 2722; x_wconf 72' lang='lat' dir='ltr'><em>a</em></span> <span class='ocrx_word' id='word_1_984' title='bbox 1022 2697 1095 2722; x_wconf 82' lang='lat' dir='ltr'>ttane</span> <span class='ocrx_word' id='word_1_985' title='bbox 1112 2705 1214 2727; x_wconf 75' lang='lat' dir='ltr'>vocem,</span> <span class='ocrx_word' id='word_1_986' title='bbox 1232 2696 1326 2728; x_wconf 82' lang='lat' dir='ltr'>inquit,</span> <span class='ocrx_word' id='word_1_987' title='bbox 1340 2694 1482 2720; x_wconf 77' lang='lat' dir='ltr'>subsecuta</span> <span class='ocrx_word' id='word_1_988' title='bbox 1496 2697 1538 2718; x_wconf 83' lang='lat' dir='ltr'>est</span> <span class='ocrx_word' id='word_1_989' title='bbox 1551 2690 1658 2724; x_wconf 81' lang='lat' dir='ltr'>sponsio</span> <span class='ocrx_word' id='word_1_990' title='bbox 1670 2689 1767 2715; x_wconf 77' lang='lat' dir='ltr'>divmae</span> 
     </span>
     <span class='ocr_line' id='line_1_82' title="bbox 991 2726 1766 2765; baseline -0.009 -9"><span class='ocrx_word' id='word_1_991' title='bbox 991 2732 1181 2765; x_wconf 81' lang='lat' dir='ltr'>promissionis</span> <span class='ocrx_word' id='word_1_992' title='bbox 1198 2737 1255 2757; x_wconf 84' lang='lat' dir='ltr'>rata</span> <span class='ocrx_word' id='word_1_993' title='bbox 1275 2734 1302 2755; x_wconf 86' lang='lat' dir='ltr'>et</span> <span class='ocrx_word' id='word_1_994' title='bbox 1318 2731 1392 2756; x_wconf 84' lang='lat' dir='ltr'>t&#39;irma</span> <span class='ocrx_word' id='word_1_995' title='bbox 1409 2735 1468 2753; x_wconf 82' lang='lat' dir='ltr'>esse</span> <span class='ocrx_word' id='word_1_996' title='bbox 1492 2726 1582 2753; x_wconf 89' lang='lat' dir='ltr'>omnia</span> <span class='ocrx_word' id='word_1_997' title='bbox 1597 2732 1656 2759; x_wconf 78' lang='lat' dir='ltr'>qua:</span> <span class='ocrx_word' id='word_1_998' title='bbox 1674 2731 1766 2763; x_wconf 78' lang='lat' dir='ltr'>rogas-</span> 
     </span>
     <span class='ocr_line' id='line_1_83' title="bbox 987 2760 1764 2795; baseline -0.014 -1"><span class='ocrx_word' id='word_1_999' title='bbox 987 2773 1040 2795; x_wconf 82' lang='lat' dir='ltr'>set.</span> <span class='ocrx_word' id='word_1_1000' title='bbox 1062 2778 1070 2792; x_wconf 82' lang='lat'><strong>›</strong></span> <span class='ocrx_word' id='word_1_1001' title='bbox 1090 2770 1126 2793; x_wconf 85' lang='lat' dir='ltr'>Dc</span> <span class='ocrx_word' id='word_1_1002' title='bbox 1151 2766 1287 2793; x_wconf 75' lang='lat' dir='ltr'>Gei&#39;trude</span> <span class='ocrx_word' id='word_1_1003' title='bbox 1310 2766 1326 2791; x_wconf 92' lang='lat' dir='ltr'>l.</span> <span class='ocrx_word' id='word_1_1004' title='bbox 1357 2772 1364 2789; x_wconf 89' lang='lat' dir='ltr'>t</span> <span class='ocrx_word' id='word_1_1005' title='bbox 1388 2763 1615 2791; x_wconf 72' lang='lat' dir='ltr'>insinuationum,</span> <span class='ocrx_word' id='word_1_1006' title='bbox 1640 2768 1698 2792; x_wconf 82' lang='lat' dir='ltr'>cap.</span> <span class='ocrx_word' id='word_1_1007' title='bbox 1718 2760 1764 2789; x_wconf 59' lang='grc' dir='ltr'>Ξῖ),</span> 
     </span>
     <span class='ocr_line' id='line_1_84' title="bbox 988 2795 1765 2836; baseline -0.013 -7"><span class='ocrx_word' id='word_1_1008' title='bbox 988 2805 1137 2835; x_wconf 63' lang='lat' dir='ltr'>scribitur,</span> <span class='ocrx_word' id='word_1_1009' title='bbox 1168 2811 1215 2836; x_wconf 90' lang='lat' dir='ltr'>pro</span> <span class='ocrx_word' id='word_1_1010' title='bbox 1241 2807 1406 2835; x_wconf 81' lang='lat' dir='ltr'>quocunque</span> <span class='ocrx_word' id='word_1_1011' title='bbox 1435 2798 1657 2831; x_wconf 72' lang='lat' dir='ltr'>beiiigtnssiiintm</span> <span class='ocrx_word' id='word_1_1012' title='bbox 1682 2795 1765 2820; x_wconf 88' lang='lat' dir='ltr'>Deum</span> 
     </span>
     <span class='ocr_line' id='line_1_85' title="bbox 988 2835 1765 2874; baseline -0.013 -9"><span class='ocrx_word' id='word_1_1013' title='bbox 988 2840 1096 2874; x_wconf 62' lang='lat' dir='ltr'>negotio</span> <span class='ocrx_word' id='word_1_1014' title='bbox 1115 2839 1266 2869; x_wconf 69' lang='lat' dir='ltr'>tinec-aret,</span> <span class='ocrx_word' id='word_1_1015' title='bbox 1283 2835 1307 2864; x_wconf 86' lang='lat' dir='ltr'>id</span> <span class='ocrx_word' id='word_1_1016' title='bbox 1325 2843 1421 2863; x_wconf 63' lang='lat' dir='ltr'>eveno</span> <span class='ocrx_word' id='word_1_1017' title='bbox 1438 2840 1567 2868; x_wconf 81' lang='lat' dir='ltr'>prospero</span> <span class='ocrx_word' id='word_1_1018' title='bbox 1584 2838 1689 2864; x_wconf 79' lang='lat' dir='ltr'>semper</span> <span class='ocrx_word' id='word_1_1019' title='bbox 1705 2837 1765 2856; x_wconf 70' lang='lat' dir='ltr'>suc·</span> 
     </span>
    </p>
   </div>
  </div>
 </body>
</html>
