1860 2961
182 105 232 132 (567

771 111 797 138 S.
821 111 970 138 nloxt'stt
994 111 1224 143 AREOPAGITAE

1746 122 1796 149 668

181 163 248 189 tudo
262 163 381 189 cu=lestis
394 163 473 189 datus
488 171 528 195 ος,
543 164 588 198 qui
604 169 703 192 coetum
725 167 824 194 civium
843 173 868 195 et
885 169 967 196 adve-
980 172 1004 199 A
1017 174 1198 207 πνευματικὸς
1223 174 1309 206 ὅλὸος,
1326 174 1429 209 τρυφὴν
1444 175 1570 210 πορίζων,
1580 176 1610 202 οὐ
1625 177 1672 212 τὴν
1688 176 1733 204 τὸν
1750 186 1799 205 σω-

181 216 277 235 narum
304 209 404 235 Christi
432 210 563 237 colentem
593 216 716 239 sanctum
737 213 868 241 efficeres.
882 214 965 242 Datus

180 262 210 281 es
224 255 247 280 ei
264 255 344 281 etiam
362 259 389 280 ut
405 256 529 283 coelestes
544 255 660 289 divitirc,
677 266 737 293 quae
761 259 871 286 delicias
897 268 966 294 prae-

179 298 284 330 herent,
299 308 352 326 uon
368 308 414 327 eas
430 309 489 335 quae
503 303 678 336 supercilium
689 305 812 339 corporis
825 305 963 337 attollunt,

179 345 339 380 dulcemque
364 346 396 372 ad
420 347 500 374 breve
524 350 629 382 tempus
645 353 754 384 gustum
781 350 919 382 exhibent,
937 355 964 378 et

179 391 303 417 celeriter
326 392 454 418 labuntur
477 397 556 427 atque
588 394 726 427 deficiunt,
748 404 815 430 quas
839 400 911 423 terra
936 399 964 423 et

179 444 255 462 mare
274 437 439 471 producunt,
455 443 481 466 et
497 440 573 467 sinus
587 448 664 468 sacer
678 449 708 468 ae
720 441 818 468 ssurius
839 442 963 476 piscosus

178 483 383 518 profundusque
406 485 578 514 circumdans
602 492 628 514 et
649 488 857 516 circumsonans
877 489 962 516 altum

179 529 334 557 tenentibus
351 529 460 559 Niliacis
484 533 597 559 aemulus
612 532 730 560 fluentis.
757 532 849 560 Murus
873 534 963 561 muni-

179 574 303 602 tissimus
321 576 472 610 oppositus,
486 585 540 603 nou
555 578 708 605 labentibus
725 582 750 605 et
763 579 853 613 politis
869 579 962 607 electis

177 620 310 653 lapidibus
339 623 516 656 compositus,
543 624 764 658 propugnaculis,
791 624 912 651 turribus
935 629 962 651 et

179 673 318 691 murorum
334 666 449 700 lastigiis
469 672 496 693 ut
512 667 631 695 ferreum
650 673 754 703 septum
771 670 880 697 innixus
891 690 897 702 ‚
914 671 961 697 sed

176 717 221 737 tua
238 716 400 746 tuorumque
416 713 629 740 commilitonum
643 715 848 742 consecratione
865 715 961 742 sunda-

176 760 231 786 tus,
248 757 400 791 vestrisque
413 766 475 792 erga
488 758 571 784 Deum
588 759 713 794 benignis
726 760 854 794 precibus
870 761 959 795 ignem

173 810 188 828 e
208 803 276 828 eoelo
293 803 490 831 deducentibus
513 804 651 836 fundatus,
668 814 728 840 quae
755 807 959 842 quinquagena-

175 848 242 877 rios,
260 848 340 882 390
354 853 379 875 et
396 851 581 881 centuriones,
591 858 622 877 ae
635 851 800 879 millenarios
814 861 875 880 cum
896 853 959 880 bar·
974 841 996 868 Β

173 893 272 920 baricis
301 895 408 921 illorum
445 897 609 923 exercitibus
641 898 794 926 absumant.
827 899 959 928 Salutaris

171 944 267 974 portus
292 942 447 974 propositus
474 950 515 974 es,
532 943 685 977 suscipiens
709 952 756 971 eos
779 945 825 979 qui
850 954 883 972 ex
898 947 959 974 vitae

171 984 253 1019 liujus
271 989 432 1019 tempestate
450 987 482 1013 ad
498 992 606 1021 portum
618 989 742 1021 tendunt,
755 994 781 1016 et
796 994 902 1024 pratum
915 1000 959 1018 ra-

171 1031 272 1059 tionale
290 1032 359 1067 quod
381 1033 551 1067 omnigenam
566 1034 801 1069 circumjacentem
821 1037 959 1064 temerita-

173 1080 236 1108 tem,
254 1082 382 1112 tauquam
403 1080 498 1107 hortus
515 1080 559 1107 ille
576 1081 623 1115 qui
640 1085 698 1107 erat
712 1081 739 1107 in
754 1081 840 1113 Eden,
856 1087 955 1111 arceat.

170 1123 198 1149 Iu
216 1124 266 1150 bac
292 1129 365 1150 tuum
389 1126 591 1153 sanctissimum
608 1128 737 1161 templum
760 1133 880 1156 erectum
904 1133 955 1162 est,

170 1169 242 1203 quod
259 1178 339 1197 omne
356 1172 488 1206 singulari
515 1172 679 1207 benignitate
698 1173 822 1201 fidelibus
840 1175 955 1210 refrige-

167 1215 240 1241 rimu
267 1221 387 1250 praestat,
416 1225 447 1244 ac
476 1218 644 1252 quibuslibet
675 1219 787 1253 spiritus
819 1221 956 1247 alimentis

170 1262 321 1295 oppositam
342 1270 462 1290 mensam
487 1264 590 1298 implet,
609 1272 668 1299 quae
683 1266 789 1292 animas
804 1267 895 1298 satiat,
912 1266 958 1294 sso-

167 1313 228 1332 rere
244 1308 391 1341 compellit,
405 1313 485 1343 atque
505 1309 690 1344 incorruptam
706 1312 787 1337 vitam
815 1312 954 1347 elargitur.

166 1350 237 1386 Ergo
254 1353 325 1379 sieut
351 1353 463 1381 Parisiis
478 1355 570 1382 divino
585 1359 611 1382 et
636 1356 741 1384 coelesti
769 1363 850 1392 atque
876 1358 957 1392 spiri-

168 1398 235 1424 tuali
248 1399 327 1425 altari
347 1399 488 1433 insistens,
505 1401 575 1428 inter
589 1409 635 1429 eos
650 1402 697 1436 qui
723 1407 811 1429 tecum
831 1404 954 1431 coronati

167 1447 231 1469 suut
261 1444 366 1472 medius
396 1446 542 1481 benignum
571 1446 676 1481 Jesum,
698 1448 826 1475 universo
854 1449 954 1476 mundo

1018 219 1128 252 ματικὸν
1146 220 1224 253 ὄγκον
1239 220 1415 252 αὐξάνουσαν,
1435 222 1480 248 καὶ
1500 222 1567 257 πρὸς
1586 223 1669 258 βραχὺ
1684 223 1729 250 τὸν
1746 224 1798 258 φά-

1018 272 1104 298 ρυγγα
1123 265 1331 298 γλυκαίνουσαν,
1356 265 1402 291 καὶ
1422 266 1515 293 θᾶττον
1532 267 1717 304 ἀπολλυμένην
1729 288 1735 300 ,
1750 270 1797 296 καὶ

1015 307 1169 340 φθίνουσαν,
1187 309 1219 343 ἣν
1246 309 1281 344 γῆ
1304 309 1349 334 καὶ
1374 309 1492 336 θάλασσα
1515 312 1601 346 φέρει,
1630 313 1676 339 καὶ
1698 314 1796 346 κόλπος

1016 352 1121 387 ἱέρειος,
1151 354 1197 380 καὶ
1217 354 1337 389 ποταμὸς
1365 355 1522 390 ίχθυοφόρος
1545 358 1591 383 καὶ
1609 358 1767 394 βαθύρρους,
1782 360 1795 386 ὁ

1014 398 1183 432 περικυκλῶν
1197 399 1243 425 καὶ
1260 399 1396 434 περιηχῶν
1412 402 1467 431 τοῖς
1484 401 1654 435 πελαγίζουσι
1678 404 1794 439 νει),ῲοις

1013 441 1198 478 ἁμιλλώμενος
1215 443 1340 478 χεύμασι.
1359 443 1452 479 Τεῖχος
1465 444 1633 479 ὀχυρώτατον
1645 447 1794 482 προὸέῧλη-

1014 494 1068 518 σαι,
1086 488 1124 522 ιοὐ
1144 489 1234 523 ῥυτοῖς
1254 497 1284 514 τε
1309 488 1355 515 καὶ
1373 488 1475 521 ξεστοῖς
1495 490 1689 525 ἐξειλεγμένοις
1713 492 1795 523 λίθοις

1012 531 1231 567 ἡρμολογημὲνον
1244 541 1273 558 τε
1290 533 1337 559 καὶ
1351 533 1540 569 δεδομημένον,
1560 535 1606 561 καὶ
1623 536 1793 572 προμαχῶσι,

1012 577 1058 603 καὶ
1076 577 1198 612 πύργοις,
1213 579 1259 604 καὶ
1274 579 1415 611 ἐπάλξεσιν
1431 580 1632 615 ἐρηρεισμένον,
1649 580 1703 608 οἷον
1716 582 1795 618 ἕρκος

1013 622 1150 658 σιδήρεον,
1167 623 1233 649 ἀλλὰ
1257 625 1288 659 τῇ
1308 626 1340 660 σῇ
1358 633 1387 650 τε
1411 625 1457 651 καὶ
1474 625 1528 652 τῶν
1546 626 1600 653 σῶν
1625 627 1794 662 συναθλητῶν

1010 667 1238 703 τεθεμελιωμένον
1247 669 1377 705 ἁγιστεία,
1387 670 1497 702 καὶταῖς
1504 671 1648 707 ὑμετέραις
1656 673 1723 708 πρὸς
1729 673 1794 700 Θεὸν

1011 713 1195 749 εὐπροσώποις
1206 715 1416 750 πεπυργωμὲνον
1431 717 1574 749 ἐντεύξεσι,
1587 718 1641 753 πῦρ
1652 719 1794 754 οὐρανόθεν

1011 759 1201 792 καταγούσαις,
1214 760 1464 796 πεντηκοντάρχους
1476 771 1504 788 τε
1521 763 1566 789 καὶ
1583 764 1794 798 ἑκατοντάρχους

1011 804 1058 830 καὶ
1084 804 1237 840 χιλιάρχους
1260 805 1396 837 ἀντιθέους
1417 807 1464 832 σὺν
1477 809 1533 839 τοῖς
1552 808 1639 834 αὐτῶν
1664 809 1794 844 βαρὸαρι-

1010 851 1067 880 κοῖς
1102 850 1296 878 καταναλίσκον
1322 852 1516 887 στρατεύμασι.
1545 853 1632 889 Λιμὴν
1652 855 1793 889 πρόκεισαι

1011 896 1150 931 σωτήριος,
1163 897 1224 928 τοὺς
1236 898 1267 923 ἐκ
1284 897 1412 933 βιωτικῆς
1431 899 1694 935 προσορμιζομένους
1710 899 1793 936 ζάλης

1009 946 1212 982 ὑποδεχόμενος,
1228 948 1273 973 καὶ
1295 949 1424 974 παντοίαν
1448 949 1641 984 περιστατικὴν
1656 949 1792 985 ὰπείργων

1009 994 1182 1028 περιπέτειαν
1195 1003 1201 1008 ·
1230 994 1329 1029 λειμὼν
1346 995 1448 1030 νοητὸς,
1466 995 1503 1026 ὡς
1521 997 1535 1022 ὁ
1549 996 1576 1022 ἐν
1599 996 1678 1030 Ἐδὲμ
1702 996 1792 1033 παρά-

1007 1039 1103 1071 δεισος,
1128 1040 1173 1066 καὶ
1182 1040 1211 1065 το
1237 1040 1281 1065 σὺν
1299 1040 1440 1076 ἱερώτατον
1462 1041 1505 1066 ἐπ’
1533 1041 1600 1076 αὐτῇ
1627 1042 1792 1075 πεφύτευται

1007 1085 1118 1120 τέμενος
1135 1087 1223 1112 πᾶσαν
1250 1085 1292 1112 διὰ
1307 1086 1357 1120 τῆς
1373 1086 1475 1112 ἑνοίκου
1491 1086 1599 1121 χάριτος
1618 1089 1673 1118 τοῖς
1687 1089 1791 1119 πιστοῖς

1007 1129 1181 1164 ψυχαγωγίαν
1204 1131 1397 1166 παρεχόμενον,
1420 1131 1465 1157 καὶ
1482 1132 1662 1163 παντοδαπαῖς
1676 1142 1793 1168 πνευμα·

1006 1177 1095 1207 τικαῐς
1112 1176 1220 1208 ἐδωδαῖς
1244 1176 1397 1211 πλήθουσαν
1414 1177 1626 1212 παρατιθέμενον
1642 1178 1790 1213 τράπεζαν,

1006 1219 1093 1253 ψυχὰς
1103 1219 1243 1251 ἑττιῶσαν,
1252 1220 1296 1246 καὶ
1304 1220 1407 1246 θάλλειν
1417 1221 1553 1253 ποιοῦσαν,
1564 1222 1609 1247 καὶ
1620 1221 1691 1257 ζωὴν
1700 1223 1792 1258 προξε-

1006 1265 1101 1291 νοῦσαν
1121 1265 1169 1300 τὴν
1186 1266 1330 1301 ἄφθαρτον.
1359 1267 1400 1297 Ὠς
1415 1264 1459 1292 οὖν
1475 1267 1503 1293 ἐν
1533 1268 1650 1303 Παρισίᾳ
1673 1268 1711 1303 τῷ
1728 1269 1792 1305 θείῳ

1006 1311 1052 1336 καὶ
1069 1311 1229 1346 ἐπουρανίῳ,
1244 1312 1289 1338 καί
1301 1312 1385 1347 νοερῷ
1398 1312 1579 1348 θυσιαστηρίῳ
1591 1314 1790 1349 παριστάμενος

1005 1355 1058 1381 τῶν
1077 1356 1130 1381 σῶν
1154 1357 1352 1390 συστεφανιτῶν
1371 1358 1546 1392 μεσούμενος,
1563 1358 1608 1384 τὸν
1623 1358 1791 1393 εὐμείλικτον

1006 1401 1074 1437 ὑπὲρ
1088 1402 1133 1427 τοῦ
1150 1403 1251 1437 κόσμου
1260 1403 1358 1434 παντὸς
1367 1403 1600 1438 ἐκμειλισσόμενος
1619 1404 1728 1439 Ἰησοῦν,
1745 1405 1790 1431 τὸν

1005 1447 1128 1482 ἀληθινὸν
1143 1448 1217 1480 Θεὸν,
1236 1449 1282 1475 καὶ
1298 1449 1426 1484 ἱερὰρχην
1439 1469 1445 1481 ,
1464 1449 1510 1475 καὶ
1528 1449 1731 1485 στεφανοδότην,
1744 1450 1790 1477 καὶ

167 1490 314 1523 propitium
331 1491 459 1523 reddens,
476 1500 555 1527 quem
571 1493 701 1526 dilexisti,
719 1501 799 1528 quem
824 1495 955 1528 praedica·
968 1508 988 1536 C
1005 1491 1181 1526 πάσηςαῖτῑόν
1190 1501 1218 1518 τε
1227 1493 1272 1518 καὶ
1282 1494 1625 1529 πὰρῡχθνᾶγαθωσΰνης»ὃν
1633 1495 1789 1530 ἦγὰπηκαςο

167 1537 212 1566 sti,
232 1544 279 1570 per
293 1544 373 1570 quem
390 1538 478 1571 capite
494 1542 635 1566 truncatus
649 1547 778 1566 coronam
789 1540 869 1575 digne
882 1545 954 1567 retu-

166 1581 233 1613 listi,
253 1590 325 1608 nunc
341 1590 387 1608 eos
403 1583 448 1616 qui
470 1583 497 1609 in
515 1591 619 1610 sacram
635 1592 666 1611 ac
688 1585 869 1611 venerandam
886 1585 955 1612 lianc

167 1632 242 1654 tuam
258 1628 442 1654 celebritatem
456 1632 482 1655 et
496 1630 696 1663 optatissimam
711 1631 869 1657 memoriam
886 1631 956 1657 celc-

166 1675 228 1701 bres
254 1678 405 1701 conventus
431 1679 532 1710 agunt,
558 1676 711 1708 laudantes,
729 1684 761 1702 ac
791 1677 955 1711 martyrium

168 1720 279 1754 praemio
295 1719 486 1754 dignissimum
509 1720 687 1752 honorantes,
701 1721 834 1754 aspicere,
852 1721 954 1754 ample-

166 1766 236 1798 xari,
255 1770 336 1799 atque
361 1766 393 1791 iis
412 1765 479 1792 bene
502 1766 618 1800 precari,
639 1773 671 1792 ae
696 1766 843 1800 benignum
871 1766 955 1793 Deum

166 1812 312 1845 propitium
334 1812 456 1843 reddere,
473 1816 499 1838 et
516 1811 643 1846 precibus
660 1812 823 1846 compellare
840 1812 916 1844 velis,
930 1816 956 1839 te

168 1858 285 1884 maxime
302 1865 332 1884 ac
348 1857 516 1885 divinissime
532 1858 640 1892 praesul,
658 1861 809 1893 martyrum
827 1857 956 1885 illustris-

166 1902 244 1932 sime,
259 1902 434 1930 obsecramus
449 1907 478 1930 ut
490 1911 504 1930 a
523 1904 645 1930 molestia
660 1903 730 1936 vitm,
758 1912 818 1938 quae
838 1912 887 1931 nos
902 1904 956 1930 cir-

166 1951 294 1979 cumstat,
311 1948 442 1981 liberare3
457 1949 627 1984 tyrannidem
643 1956 703 1983 quae
718 1955 768 1976 nos
787 1949 956 1983 ingrassetur

167 1994 279 2024 tollere3
313 2001 457 2021 moerorem
495 2002 548 2028 quo
574 1994 656 2021 obsiti
681 2002 776 2022 sumus
807 1995 953 2029 repellere;

167 2039 390 2072 trampiillitatem
403 2047 433 2066 ac
448 2039 610 2074 profundam
626 2040 787 2074 requietem,
808 2045 835 2068 et
855 2045 955 2068 statum

168 2085 372 2119 perturbatione
385 2094 500 2112 vacuum
517 2086 648 2114 Ecclesiis
669 2087 801 2121 impertiri
817 2087 953 2121 dignetur,

168 2135 195 2156 ut
211 2139 274 2164 paee
290 2132 448 2163 constituta,
465 2136 490 2158 et
508 2140 560 2158 una
572 2133 668 2159 divinae
680 2133 818 2167 religionis
835 2141 952 2159 concor—

1006 1535 1205 1571 ὃνκεκήρυχας,
1224 1537 1293 1563 &rav
1310 1538 1409 1572 αὐχένα
1425 1539 1536 1572 τμηθεὶς
1553 1539 1634 1571 ἀξίως
1648 1539 1677 1565 τὸ
1694 1539 1790 1573 στέφος

1006 1581 1237 1616 ἀπείληφας,τοὺς
1249 1582 1296 1608 νῦν
1310 1585 1564 1619 συναγηγερμένους
1583 1585 1622 1615 είς
1632 1584 1733 1620 ταύτην
1742 1593 1788 1611 σου

1005 1627 1053 1662 τὴν
1072 1627 1146 1662 ἱερὰν
1161 1628 1205 1654 καὶ
1227 1629 1327 1664 σεπτὴν
1345 1631 1506 1665 πανήγυριν,
1527 1631 1573 1657 καὶ
1599 1631 1647 1666 τὴν
1671 1631 1789 1668 πανερά-

1006 1672 1084 1707 σμιόν
1101 1681 1146 1698 σου
1161 1674 1267 1708 μνήμην
1285 1675 1463 1710 ἑορταστικῶς
1478 1676 1715 1708 ἐκτελοῦντας,καὶ
1740 1677 1789 1713 τὴν

1006 1718 1196 1752 ἀξιογέραστον
1214 1719 1363 1754 ὑμνοῦντας
1390 1730 1418 1747 τε
1437 1722 1482 1747 καὶ
1505 1722 1641 1756 τιμῶντας
1665 1722 1787 1758 ἄθλησιν,

1006 1764 1174 1796 ἐποπτεύοις,
1201 1765 1247 1791 καὶ
1271 1766 1409 1801 περιέποις
1421 1787 1428 1798 ,
1446 1767 1491 1793 καὶ
1515 1767 1650 1803 εὐλογοίης
1661 1788 1668 1800 ,
1685 1768 1731 1794 τὸν
1747 1769 1785 1794 ol·-

1006 1808 1138 1843 κτίρμονα
1155 1809 1220 1835 Θεὸν
1237 1809 1419 1846 ἐξιλεούμενος
1428 1812 1473 1838 καὶ
1484 1813 1650 1847 πρεσὸεύων,
1660 1813 1786 1849 ἀρχιερεῖ)

1007 1855 1125 1882 θειότατε
1152 1857 1197 1883 καὶ
1229 1858 1373 1894 μαρτύρων
1399 1859 1611 1894 περιφανέστατε
1622 1879 1629 1891 ,
1662 1860 1710 1895 τὴν
1740 1860 1788 1895 μὲν

1004 1900 1055 1935 τῆς
1078 1901 1326 1938 περιστοιχιζούσης
1360 1902 1420 1937 βίας
1449 1903 1594 1938 ἐπάχθειαν
1623 1903 1786 1938 ἀποστῆσαι,

1006 1947 1052 1972 καὶ
1067 1946 1115 1982 τὴν
1132 1947 1191 1973 καθ’
1210 1947 1286 1982 ἡμῶν
1303 1948 1446 1982 τυραννίδα
1463 1949 1653 1982 καταπαῦσαι,
1678 1951 1723 1976 καὶ
1739 1950 1788 1985 τὴν

1006 1991 1208 2026 ἐπαχλυζουσαν
1226 1992 1362 2028 ἐπαμῦναι
1379 1995 1543 2029 κατήφειαν·
1558 1995 1676 2029 γαλήνην
1693 1995 1720 2020 δὲ
1738 1996 1784 2022 καὶ

1007 2037 1115 2071 βαθεῖαν
1137 2037 1284 2073 ἀταραξίαν
1307 2039 1367 2069 ταῖς
1396 2039 1554 2073 ἐκκλησίαις
1578 2039 1781 2074 ἐπιδραὸεῦσαι,

1006 2082 1143 2118 εἰρηναίαν
1164 2083 1429 2116 κατάστασιν,ὂπως,
1446 2085 1555 2119 εἰρήνης
1573 2084 1782 2120 βραθευομένης,

1006 2128 1052 2153 καὶ
1066 2129 1128 2162 μιᾶς
1138 2128 1207 2154 θείου
1222 2129 1353 2164 δόγματος
1364 2129 1520 2164 συμφωνίας
1533 2130 1578 2156 καὶ
1586 2131 1707 2165 ὁμονοίας
1718 2139 1785 2166 κρα-

167 2177 220 2208 dia,
238 2182 263 2203 et
279 2177 392 2211 paritate
407 2178 514 2204 consilii
526 2178 778 2209 ‹loininante,ve1·us
791 2182 817 2205 et
832 2186 954 2205 summus
970 2173 991 2199 Ῑ)
1005 2173 1138 2208 ῖῡύσης,6
1154 2173 1236 2205 ’ὅντως
1252 2174 1417 2210 ἅρχῑπθῑμῆν
1435 2175 1480 2200 καὶ
1497 2175 1659 2210 Εἷρηνάρχης
1670 2176 1785 2210 Χριστὸς
1801 2198 1803 2202 ⁴

166 2223 211 2249 ille
227 2227 329 2257 pastor,
346 2227 372 2249 et
399 2225 524 2258 princeps
545 2225 619 2258 pacis
635 2224 761 2250 Christus
779 2224 811 2250 ab
826 2224 952 2251 omnibus

168 2269 332 2295 unanimiter
347 2270 521 2303 glorificetur.
536 2270 621 2302 Quem
633 2269 709 2296 decet
724 2269 812 2296 omnis
826 2270 911 2304 gloria
927 2274 953 2296 et

167 2315 264 2346 bonor,
285 2316 425 2349 imperium
457 2324 518 2341 cum
550 2316 608 2350 ejus
636 2315 729 2347 Patre,
745 2315 790 2349 qui
817 2315 952 2349 principio

167 2366 251 2391 curet,
269 2361 389 2394 ejusdem
407 2361 576 2392 substantiae,
594 2365 619 2388 et
637 2361 739 2395 Spiritu
762 2365 857 2388 sancto
876 2361 952 2387 beni-

168 2414 230 2439 gno,
249 2407 363 2440 vitu—que
387 2407 491 2438 datore,
505 2415 578 2434 nune
598 2411 624 2433 et
640 2415 756 2441 semper,
767 2410 793 2435 ct
816 2407 843 2434 in
858 2414 950 2442 perpe-

168 2455 228 2477 tuas
245 2453 403 2479 saeculorum
419 2453 595 2481 aetcrnitates.
608 2452 703 2480 Amen.

1008 2219 1082 2255 παρὰ
1099 2219 1206 2245 πάντων
1222 2220 1378 2255 ὁμοφρόνως
1394 2220 1538 2252 δοξάζοιτο,
1557 2217 1579 2254 ᾧ
1595 2221 1693 2255 πρέπει
1710 2221 1784 2246 πᾶσα

1003 2265 1076 2296 δόξα,
1094 2266 1140 2291 καὶ
1156 2264 1238 2301 τιμὴ,
1258 2266 1303 2292 καὶ
1320 2266 1418 2301 κράτος
1442 2267 1488 2292 σὺν
1513 2265 1551 2300 τῷ
1576 2266 1684 2301 ἀνάρχῳ
1701 2266 1782 2292 αὐτοῦ

1004 2311 1049 2337 καὶ
1065 2312 1198 2346 ομοουσίῳ
1215 2312 1366 2347 Γεννήτορι,
1383 2312 1429 2338 καὶ
1444 2312 1482 2346 τῷ
1499 2311 1620 2346 παναγίῳ
1644 2312 1688 2338 καὶ
1717 2312 1784 2346 ἀγα-

1003 2357 1057 2391 θῷ,
1076 2358 1122 2383 καὶ
1147 2357 1268 2392 ζωοποιῷ
1292 2357 1373 2384 αὐτοῦ
1397 2357 1533 2392 Πνεύματι
1551 2377 1558 2389 ,
1585 2356 1631 2382 νῦν
1658 2357 1704 2383 καὶ
1729 2357 1781 2388 ἀεὶ,

1004 2404 1050 2430 καὶ
1067 2405 1105 2435 εἰς
1122 2404 1183 2435 τοὺς
1200 2403 1366 2439 ἀπεράντους
1381 2402 1480 2434 αἰῶνας
1492 2402 1545 2429 τῶν
1555 2401 1668 2429 αἰώνων.
1686 2402 1780 2438 Ἀμήν.
