1860 2961
190 109 237 136 871

768 111 796 139 S.
816 109 963 138 DlONYSll
981 109 1208 137 AREOPAGITAE

1741 109 1793 134 672

191 168 277 193 len-um
294 167 470 201 praemittens.
493 167 685 195 Verumtamen
707 170 851 201 antequam
875 168 968 194 beatus
983 171 1005 198 Α
1020 166 1155 201 ὲκχύσεως
1169 166 1224 202 (57)
1242 166 1288 192 τοῦ
1307 167 1439 201 μακαρίου
1456 167 1544 194 αὐτῶν
1559 166 1736 202 αἴματος,κα“ι
1750 167 1794 193 διὰ

190 213 285 240 Petrus
302 214 412 240 victoria
428 215 550 249 martyrii
566 215 648 242 vitam
669 223 728 249 qum
741 215 767 241 in
789 222 870 248 regno
885 214 968 240 coslo-

189 267 250 285 rum
265 259 380 294 degitur,
390 261 502 287 meritus
515 265 597 293 esset,
607 261 686 288 heato
695 260 827 287 Clementi
843 259 969 286 Ecclesiae

190 309 350 338 potestatem
370 306 464 332 tribuit
484 306 526 333 his
537 307 626 334 verbis
643 317 649 334 t
666 317 674 332 ι
686 306 719 333 Ut
734 314 749 332 a
770 305 883 332 Domino
908 310 968 329 ”⁵80

187 351 251 378 Jesu
266 352 373 378 Christo
397 352 497 387 ligandi
512 357 592 388 atque
613 353 734 380 solvendi
757 352 822 379 milii
838 357 968 378 concessa

187 401 228 422 est
253 400 389 430 potestas,
416 399 455 425 sle
475 399 596 426 eamdem
622 406 729 434 quoque
753 402 914 432 potestatem
941 398 967 424 in

187 446 345 476 perpetuum
360 443 407 470 tihi
422 443 456 470 do
470 448 495 471 et
505 445 639 477 trihu0,ut
653 451 843 479 quemcunque
859 444 968 470 interra

187 487 311 521 ligaveris
324 508 331 519 ,
362 489 388 515 in
405 490 482 517 coelis
511 490 610 524 ligatus
628 491 689 517 sita
717 490 792 516 Hanc
807 492 967 523 potestatem

186 532 290 564 plenam
306 538 332 559 ct
355 534 501 566 perfectam
528 535 644 569 posteris
661 536 706 570 qui
723 535 834 570 perlecti
853 540 879 562 et
892 536 967 572 digni

185 582 276 604 essent
290 579 316 605 in
332 579 460 607 Ecclesiis
473 581 568 615 praeire
581 601 587 613 ‚
604 586 704 608 sortem
717 582 758 608 rel
782 582 967 611 haereditatem

185 625 303 658 reliquit.
322 625 358 652 Ac
371 626 403 652 de
420 627 461 652 his
477 627 595 661 quidem,
610 628 736 661 quoniam
756 636 787 654 ex
800 629 968 655 connexione

184 672 430 706 consecutioneque
444 673 516 699 illius
529 674 684 707 apostolicae
697 673 824 701 Ecclesiae
839 674 967 708 temporis

185 717 411 751 parwadiximus,
436 718 469 744 ad
499 719 571 746 beati
588 719 709 754 Dionysii
729 720 878 746 certamina
902 727 968 746 con-

184 761 314 787 vertimus
337 763 499 795 orationem,
517 769 556 796 ut,
572 764 641 790 sieut
655 764 756 791 dietum
782 768 832 796 est,
851 772 883 791 ex
901 768 967 791 tem-

184 813 279 838 porum
300 809 492 842 consequentia
507 809 540 836 de
557 818 589 836 eo
605 818 690 844 pauca
706 818 858 838 narremus.

1019 214 1095 247 νίκης
1127 214 1275 248 μαρτυρίου
1304 213 1385 245 ἀξίως
1397 233 1403 244 ,
1428 213 1473 238 καὶ
1490 213 1526 244 ὡς
1543 213 1615 239 ἄκων
1632 212 1794 248 προπέμψας

1020 259 1116 290 αὐτοὺς
1132 259 1170 290 εἰς
1186 259 1234 293 τὴν
1251 258 1303 285 τῶν
1330 258 1450 294 οὐρανῶν
1475 258 1619 293 βασιλείαν.
1634 260 1726 294 Ὅμως
1741 257 1794 294 πρὸ

1018 305 1065 330 τοῦ
1081 305 1125 331 τὸν
1143 305 1274 340 μακάριον
1289 305 1388 340 Πέτρον
1410 303 1453 330 διὰ
1469 305 1517 339 τῆς
1530 304 1606 339 νίκης
1623 305 1670 331 τοῦ
1691 313 1793 341 μαρτυ-

1020 350 1076 385 ρίου
1094 350 1290 385 καταξιωθῆναι
1308 350 1357 385 τῆς
1374 351 1401 376 ἐν
1417 351 1449 386 τῇ
1466 350 1519 376 τῶν
1532 350 1652 386 οὐρανῶν
1675 351 1794 387 βασιλείᾳ

1019 396 1209 431 συνδιαγωγῆς,
1232 396 1271 431 τῷ
1297 396 1422 432 μακαρίῳ
1449 396 1584 432 Κλήμεντι
1611 397 1659 432 τὴν
1673 397 1794 429 ἐξουσίαν

1017 442 1066 477 τῆς
1084 443 1246 478 Ἐκκλησίας
1256 442 1386 478 παρέθετο
1400 442 1499 476 λέγων·
1515 452 1523 468 ι
1542 443 1644 478 Ὥσπερ
1661 443 1734 478 παρὰ
1747 443 1794 469 τοῦ

1018 487 1119 523 Κυρίου
1144 497 1192 524 μου
1218 487 1303 523 Ἰησοῦ
1334 488 1449 523 Χριστοῦ
1477 488 1555 514 λῦσαι
1577 489 1623 514 καὶ
1641 488 1718 523 δῆσαι
1735 488 1795 523 ἐμοὶ

1017 533 1163 569 δεδώρηται
1179 533 1297 566 ἐξουσία,
1317 534 1386 560 οὔτω
1399 534 1445 560 καὶ
1458 534 1504 569 τὴν
1521 534 1603 569 αὑτήν
1615 534 1735 566 ἐξουσίαν
1752 535 1796 560 αἰ-

1017 580 1102 611 ωνίως
1113 580 1247 615 δωροῦμαί
1265 588 1304 606 σοι
1316 580 1361 606 καὶ
1373 580 1464 614 δίδωμι
1477 580 1541 615 (58),
1553 581 1595 606 ἵνα
1611 580 1638 606 ὃν
1654 580 1735 616 δήσῃς
1751 580 1796 606 ἐπὶ

1017 624 1066 659 τῆς
1085 625 1145 659 γῆς,
1157 624 1230 650 ἔσται
1247 624 1382 659 δεδεμένος
1399 625 1427 650 ὲν
1443 626 1499 655 τοῖς
1516 626 1646 661 οὐρανοῖς.
1661 634 1677 650 »1
1690 625 1796 659 Ταύτην

1018 670 1065 705 τὴν
1081 669 1202 702 ἐξουσίαν
1221 670 1434 706 πεπληρωμένην
1456 673 1510 702 τοῖς
1528 671 1672 705 μετέπειτα
1685 670 1796 701 τελείοις

1019 716 1063 742 καί
1079 716 1162 749 ἀξίοις
1179 716 1206 741 ὲν
1233 717 1293 747 ταῖς
1315 716 1472 751 ἐκκλησίαις
1489 716 1626 751 προελθεῖν
1643 716 1797 742 καταλέλοι-

1018 771 1052 789 πε
1065 763 1171 797 κλῆρον.
1191 762 1257 796 Περὶ
1282 762 1329 797 μὲν
1345 762 1445 788 τούτων
1470 763 1501 787 ἐκ
1517 762 1565 797 τῆς
1582 761 1738 793 ἀκολουθίας
1750 761 1796 787 τοῦ

1019 811 1077 836 κατ’
1101 811 1187 836 ἐκεῖνο
1209 808 1303 843 καιροῦ
1322 808 1371 842 τῆς
1397 817 1427 834 τε
1452 807 1629 842 ἀποστολικῆς
1652 808 1798 842 ἐκκλησίας

182 850 209 875 ἒ)
227 851 306 886 ὀλίγῳ
324 853 525 889 διηγησάμενοι,
546 856 591 882 ἐπὶ
604 857 665 887 τοὺς
689 857 735 882 τοῦ
767 858 900 893 μακαρίου
926 855 1060 883 Διονυσίου
1085 855 1192 888 ἀγῶνας
1213 854 1366 889 μετενέγκω
1388 853 1433 880 τὸν
1455 853 1542 887 λόγον,
1564 854 1617 885 ἵνα,
1635 853 1725 885 καθὼς
1753 853 1798 879 λέ-

182 897 281 929 λεκται,
298 899 329 924 ἐκ
338 899 387 933 τῆς
408 899 460 925 τῶν
483 900 585 935 χρόνων
609 901 766 934 ἀκολουθίας
791 904 853 939 περ).
874 903 954 930 αὐτοῦ
965 901 1043 935 ὀλίγοι
1057 900 1242 933 διεξέλθωμεν.

217 984 282 1012 Post
308 986 492 1014 clarissimum
523 987 629 1015 Domini
658 994 685 1017 et
713 990 760 1018 Dei
786 991 873 1019 nostri
900 991 964 1019 Jesu

181 1031 283 1058 Christi
298 1032 325 1058 in
352 1033 435 1060 coelos
461 1041 624 1068 ascensum,
643 1037 737 1064 beatus
761 1037 861 1065 Paulus
874 1057 881 1071 ,
905 1038 965 1072 Spi-

182 1077 252 1102 ritus
267 1077 354 1102 sancti
368 1086 500 1105 concessu
518 1084 544 1106 et
560 1089 682 1113 munere,
697 1083 730 1109 ab
741 1091 833 1110 errore
849 1084 966 1118 perfidiae

181 1119 208 1144 in
226 1120 296 1146 viam
319 1121 416 1148 salutis
438 1123 528 1157 rediit,
546 1125 581 1150 ita
604 1129 634 1152 ut
660 1127 739 1153 tidem
755 1132 781 1154 et
796 1128 964 1162 religionem,

181 1173 261 1199 quam
282 1167 361 1199 paulo
376 1171 437 1194 ante
457 1170 679 1204 oppugnavisset‚
692 1173 799 1199 tandem
819 1173 963 1207 expletam,

181 1218 242 1237 cuim
269 1212 348 1239 laude
366 1217 392 1240 et
404 1214 488 1248 gloria
503 1216 697 1250 praedicaverit,
715 1217 874 1253 Dominique
886 1219 966 1246 iusti·v

180 1261 240 1283 tuto
252 1258 278 1283 in
294 1259 420 1293 gentibus
433 1260 519 1288 sactus
530 1262 565 1288 sit
579 1270 626 1289 vas
641 1263 790 1291 electionis.
812 1264 880 1290 Tum
894 1265 965 1291 enim

180 1309 237 1330 tuni
255 1304 361 1331 Domini
375 1307 461 1333 nostri
474 1306 538 1335 Jesu
554 1308 656 1336 Christi
672 1318 771 1337 nomen
784 1311 885 1345 ignaris
900 1319 966 1346 gen-

178 1349 252 1376 tibus
269 1351 430 1384 praedicans,
446 1352 566 1380 Athenas
581 1355 664 1387 venit,
682 1359 762 1390 atque
782 1357 818 1383 ibi
840 1360 965 1384 sanctum

179 1394 261 1420 etiam
274 1396 361 1422 virum
379 1396 451 1423 hune
464 1397 639 1433 Dionysium,
655 1400 776 1434 gentium
793 1401 916 1428 moribus
938 1405 966 1428 et

179 1438 312 1467 institutiS
326 1441 406 1474 paulo
427 1445 489 1469 ante
515 1443 697 1477 implicatum,
715 1445 748 1471 ad
775 1445 845 1472 viam
868 1447 965 1475 salutis

179 1484 261 1511 ductu
277 1494 326 1513 suo
341 1486 423 1522 396
442 1489 586 1519 convertit,
600 1497 715 1524 eumque
729 1496 902 1519 sacrosancto
917 1493 965 1519 ba-

179 1531 289 1564 ptismo,
307 1536 336 1558 ut
352 1533 388 1559 ita
406 1534 495 1560 dicam
507 1554 513 1566 ,
534 1540 721 1570 regeneratum
739 1541 764 1564 et
783 1542 907 1565 renatum
923 1539 964 1565 di-

178 1574 241 1600 vina
268 1577 412 1604 sanctitate
431 1585 528 1606 rursus
552 1580 731 1608 confirmavit.
749 1580 818 1608 Tum
846 1582 961 1614 scilieet,

1052 990 1128 1017 Μετὰ
1140 990 1187 1025 τὴν
1206 990 1252 1016 τοῦ
1269 989 1369 1024 Κυρίου
1391 990 1438 1016 καὶ
1453 989 1519 1016 Θεοῦ
1537 990 1613 1025 ἡμῶν
1628 989 1713 1026 Ἰησοῦ
1730 992 1800 1027 Χρι-

1017 1037 1079 1062 στοῦ
1092 1036 1262 1071 ὲνδοξοτὰτην
1280 1035 1422 1070 ἀνάληψιν,
1439 1036 1484 1061 ὅτε
1500 1036 1514 1061 ὁ
1537 1036 1668 1072 μακάριος
1684 1036 1798 1063 ἀπόστο-

1016 1083 1060 1114 λος
1074 1082 1177 1113 Παῦλος
1194 1081 1236 1107 διὰ
1259 1082 1307 1116 τῆς
1332 1082 1441 1116 χάριτος
1466 1081 1512 1107 τοῦ
1540 1081 1617 1115 ἁγίου
1642 1082 1799 1117 Πνεῦματος

1016 1128 1069 1154 ἀπὸ
1085 1128 1132 1163 τῆς
1148 1128 1250 1162 πλάνης
1263 1127 1311 1162 τῆς
1327 1127 1454 1158 ἀπιστίας
1465 1128 1504 1158 είς
1523 1127 1580 1153 ὁδὸν
1596 1127 1729 1162 σωτηρίας
1741 1128 1800 1154 ἐπέ·

1018 1174 1140 1209 στρεψεν,
1151 1173 1219 1199 ὥστε
1234 1174 1333 1205 πίστιν,
1346 1174 1378 1207 ἢν
1392 1172 1486 1208 πρώην
1499 1173 1675 1208 ἐπολέμησεν,
1687 1175 1714 1199 ὲν
1723 1174 1800 1208 ἐσχά-

1016 1228 1071 1250 τοις
1089 1219 1303 1254 πεπληρωμένην
1330 1220 1357 1245 ἑν
1371 1218 1431 1253 δόξῃ
1450 1218 1584 1254 κηρύξαι,
1602 1219 1728 1245 καὶκατὰ
1750 1220 1800 1254 τὴν

1016 1265 1061 1292 τοῦ
1089 1266 1190 1300 Κυρίου
1212 1265 1331 1297 διάταξιν
1351 1264 1445 1296 σκεῦος
1463 1264 1577 1299 ἐκλογῆς
1607 1265 1750 1300 γεγένηται
1771 1266 1800 1292 ὲν

1015 1313 1070 1343 τοῖς
1088 1312 1190 1337 ἔθνεσι·
1208 1311 1270 1337 τότε
1298 1310 1351 1346 γὰρ
1368 1310 1427 1336 τότε
1452 1310 1593 1345 κηρύττων
1607 1310 1637 1336 τὸ
1653 1310 1737 1345 ὄνομα
1752 1310 1799 1337 τοῦ

1016 1358 1118 1394 Κυρίου
1135 1357 1213 1392 ἡμῶν
1236 1357 1321 1391 Ἰησοῦ
1336 1355 1453 1392 Χριστοῦ
1470 1357 1525 1387 τοῖς
1538 1355 1681 1390 ἀγνοοῦσιν
1701 1356 1799 1389 ἔθνεσι,

1016 1404 1179 1439 παρεγένετο
1196 1405 1224 1430 ἐν
1248 1403 1391 1438 Ἀθήναις·
1417 1402 1527 1429 κάκεῖσε
1550 1402 1595 1428 τὸν
1618 1402 1694 1436 ἅγιον
1716 1403 1800 1438 ἄνδρα

1015 1450 1118 1475 τουτονὶ
1134 1449 1279 1481 Διονύσιον,
1299 1448 1412 1479 ἐθνικοῖς
1435 1447 1506 1473 ἔθεσι
1523 1447 1617 1483 πρώην
1640 1449 1799 1483 ἐμπεριεχό-

1017 1504 1106 1530 μενον,
1123 1496 1162 1526 είς
1186 1495 1244 1521 ὁδὸν
1262 1494 1397 1530 σωτηρίας
1413 1494 1548 1528 ὀδηγήσας
1572 1494 1736 1528 ἐπέστρεψε,
1755 1495 1801 1521 καὶ

1015 1541 1052 1576 τῷ
1081 1541 1144 1576 ἱερῷ
1171 1541 1335 1575 βαπτίσματι
1360 1541 1558 1576 ἀναγεννήσας,
1581 1540 1641 1575 θείᾳ
1661 1540 1800 1576 ἁγιωσύνῃ

1015 1584 1092 1617 αὖθις
1108 1586 1256 1622 ὲστερέωσε
1270 1595 1276 1601 ·
1292 1586 1350 1612 τότε
1368 1586 1399 1621 δή
1415 1586 1458 1612 ὅτε
1475 1585 1523 1616 τὰς
1539 1585 1657 1617 ἀκάνθας
1680 1585 1736 1620 (59)
1754 1586 1800 1612 καὶ

179 1628 241 1646 cum
257 1621 351 1655 spinas
366 1626 392 1649 et
409 1623 525 1650 carduos
540 1626 642 1652 erroris
668 1634 700 1653 ex
723 1627 857 1661 profundo
872 1629 962 1656 cordis
977 1630 996 1658 C
1013 1632 1151 1668 τριὸόλους
1166 1633 1215 1667 τῆς
1232 1632 1336 1666 πλάνης
1352 1632 1384 1658 ἐκ
1396 1631 1443 1657 τοῦ
1462 1630 1542 1665 βυθοῦ
1557 1631 1606 1665 τῆς
1622 1630 1732 1666 καρδίας
1750 1631 1799 1657 αὺ-

178 1665 250 1699 ejus,
264 1666 382 1700 Spiritus
399 1668 487 1694 sancti
505 1668 635 1697 beneficio
650 1675 676 1698 et
702 1672 789 1706 gratia
813 1673 904 1699 evellit
930 1681 962 1700 :tc

178 1713 301 1745 praecidit
315 1733 322 1745 ,
353 1714 526 1749 fructumque
555 1719 581 1742 et
610 1724 707 1743 novam
742 1726 875 1752 geminam
906 1719 964 1745 sive

177 1765 299 1791 germen,
316 1763 346 1785 ut
361 1760 388 1786 in
409 1760 479 1787 hona
505 1765 576 1788 terra
604 1762 745 1797 irrigatum
768 1764 860 1790 divino
881 1765 963 1791 verbo

179 1803 260 1837 atque
277 1804 339 1830 hinc
355 1806 584 1840 contemplatione
598 1807 692 1834 edidit.
707 1808 775 1835 Cum
796 1816 859 1835 vero
881 1810 962 1836 etiam

179 1847 282 1875 Christi
299 1849 399 1876 milites
421 1850 541 1884 quotidie
563 1851 655 1877 divino
676 1860 768 1879 amore
791 1852 961 1885 inflammati,

179 1894 205 1920 in
221 1903 315 1922 omues
344 1900 435 1930 partes
461 1897 551 1923 divina
575 1898 661 1932 gratia
688 1906 804 1932 superne
829 1906 882 1925 una
901 1907 962 1926 cum

178 1940 246 1974 ipsis
264 1946 401 1975 prreeunte
417 1948 559 1970 currerent
575 1953 582 1976 3
597 1948 653 1970 tum
668 1946 764 1972 beatus
790 1953 898 1980 quoque
920 1946 963 1972 hie

179 1987 335 2022 Dionysius,
351 1989 442 2016 crucis
458 1993 550 2016 aratro
569 1998 644 2017 mare
667 1990 826 2023 diffindens,
849 1992 962 2020 Athenis

176 2031 289 2058 llomai'n
306 2041 320 2059 a
332 2033 435 2060 coelesti
452 2034 597 2068 divinaque
608 2035 764 2067 voluntate,
777 2041 806 2063 ut
822 2045 835 2063 a
853 2036 906 2065 Deo
922 2039 962 2065 di-

176 2077 272 2108 lectus,
289 2085 336 2111 per
363 2079 434 2105 viam
461 2079 593 2107 deductus
623 2081 707 2109 venit.
724 2081 864 2116 Ingressus
876 2103 883 2115 ,
900 2092 961 2111 eum

176 2124 284 2150 beatum
295 2125 462 2151 Clementem
477 2125 701 2161 invenisset,qui‚
718 2132 746 2153 ut
761 2137 842 2163 supra
859 2129 960 2156 dictum

175 2173 228 2201 est,
243 2170 399 2203 apostolicae
415 2171 487 2198 sedis
499 2175 659 2205 potestatem
671 2172 798 2205 hahebat,
811 2174 844 2201 ab
855 2183 887 2201 eo
899 2184 960 2202 eum

175 2214 257 2249 digno
274 2215 375 2242 honore
392 2217 494 2249 statim,
506 2222 534 2244 ut
550 2218 620 2244 vires
636 2219 822 2252 suppetebant,
836 2226 960 2256 receptus

175 2264 225 2286 est.
241 2260 333 2294 quue
349 2266 471 2296 tempore
496 2271 557 2289 eum
581 2263 676 2290 heatus
691 2265 731 2291 νίι·
754 2265 909 2301 DionysiuS,
927 2267 960 2292 :ul

175 2306 245 2332 beati
262 2307 409 2334 Clementis
425 2309 537 2343 vestigia
554 2314 580 2336 et
597 2310 678 2344 pedes
703 2312 831 2343 accessit,
850 2316 960 2346 aposto-

175 2350 288 2385 licaeque
308 2353 448 2379 sanctitati
473 2362 502 2381 se
527 2355 692 2387 insinuavit,
719 2360 775 2382 tum
801 2357 858 2391 ipse
877 2357 958 2383 etiam

176 2397 304 2431 magister
324 2398 478 2427 declaratus
491 2420 498 2431 ,
523 2405 548 2427 et
564 2409 638 2428 more
653 2403 783 2437 magistro
799 2403 960 2438 dignissimo

177 2450 190 2467 a
215 2448 310 2470 sancto
333 2444 472 2473 Clemente
495 2447 657 2480 honoratus,
681 2449 895 2485 dignitatemque
923 2451 957 2478 ab

176 2496 209 2513 co
227 2494 253 2515 et
270 2491 440 2524 aptissimum
456 2493 596 2525 honorem=
615 2499 644 2521 ut
665 2503 678 2521 a
693 2495 748 2522 Deo
764 2498 876 2531 gratiam
896 2498 959 2524 adc-

178 2538 240 2567 ptus
266 2539 422 2570 reportavit,
434 2543 460 2565 et
484 2539 592 2566 interim
621 2540 691 2567 Deus
720 2550 809 2568 rerum
838 2543 959 2569 omnium

180 2585 331 2613 prxepotens
361 2583 440 2609 beato
464 2584 592 2620 Dionysio
619 2590 748 2620 praeterea
780 2588 875 2614 tribuit
900 2588 961 2614 vitm

178 2627 343 2653 seminanda}
357 2628 480 2656 idoneam
503 2631 668 2665 facultatem,
685 2633 729 2667 qui
750 2633 783 2659 ad
803 2642 853 2661 nos
876 2640 961 2668 usque

178 2672 316 2705 religionis
332 2681 412 2700 causa
428 2677 553 2704 omnihus
570 2679 704 2712 apparuit.
721 2679 789 2705 Tum
802 2680 882 2705 etiam
899 2687 961 2706 san-

178 2723 238 2743 ctus
251 2718 375 2746 Clemens
389 2719 541 2755 Philippum
557 2725 698 2758 quemdam
714 2724 849 2758 llispaniae
860 2725 961 2759 episeo-

179 2770 241 2796 pum
257 2765 376 2798 punse-eit
392 2786 398 2797 ‚
424 2771 584 2800 potestatem
610 2778 728 2804 quoque,
742 2779 822 2805 quam
846 2771 903 2804 ipse
919 2771 960 2796 ‹li-

180 2816 257 2834 ιίιιικ
273 2810 397 2838 Clemens
423 2819 436 2836 :t
462 2813 539 2840 heato
556 2814 634 2842 1¹clr0
652 2816 810 2850 {accept-rat,
835 2817 858 2843 ei
885 2816 958 2843 dedit

1013 1677 1059 1703 τοῦ
1074 1677 1117 1703 διὰ
1131 1678 1179 1712 τῆς
1195 1677 1304 1713 χάριτος
1319 1676 1365 1702 τοῦ
1383 1676 1459 1710 ἁγίου
1485 1676 1642 1711 Πνεύμοιτος
1664 1676 1795 1712 ἀπέτεμε,

1014 1724 1060 1750 καί
1090 1724 1193 1758 καρπον
1211 1723 1258 1749 καὶ
1274 1722 1333 1749 νέον
1351 1722 1493 1757 βλάστημα
1510 1722 1546 1753 ὡς
1563 1724 1591 1749 ἑν
1608 1725 1640 1758 τῇ
1658 1722 1747 1758 ἀγαθῇ
1764 1725 1799 1759 γῇ

1014 1769 1191 1803 ὰρδευόμενον
1205 1768 1268 1802 θείῳ
1284 1768 1354 1802 λόγῳ
1370 1768 1416 1794 καὶ
1434 1769 1466 1802 τῇ
1484 1767 1607 1794 ἐντεῦθεν
1625 1768 1724 1804 θεωρίᾳ
1739 1769 1800 1795 ἀνέ-

1012 1813 1112 1846 δειξεν·
1131 1814 1173 1839 ὅτε
1190 1813 1218 1838 δὲ
1235 1813 1280 1839 καὶ
1297 1813 1320 1838 οί
1334 1812 1450 1848 Χριστοῦ
1464 1812 1635 1847 στρατιῶται,
1649 1813 1797 1848 ὁσημέραι,

1013 1859 1051 1894 τῷ
1079 1859 1142 1892 θείῳ
1175 1858 1255 1893 ἐ’ρωτι
1277 1858 1453 1893 φλεγόμενοι,
1472 1858 1624 1892 πανταχόσε
1645 1858 1730 1890 ἔθεον,
1749 1858 1798 1892 τῆς

1014 1904 1087 1934 θείας
1095 1904 1203 1938 χάριτος
1214 1903 1314 1929 ἄνωθεν
1325 1903 1414 1933 αὐτοῖς
1427 1903 1721 1938 συμπροπορευομένης
1731 1902 1796 1937 (60)·

1013 1950 1072 1976 τότε
1091 1950 1136 1975 καὶ
1153 1950 1167 1975 ὁ
1185 1949 1316 1984 μακάριος
1332 1949 1422 1975 οὑτοσὶ
1439 1949 1582 1982 Διονύσιος,
1599 1949 1638 1984 τῷ
1653 1949 1700 1975 τοῦ
1718 1957 1798 1975 σταυ-

1016 1995 1060 2031 ροῦ
1078 1995 1184 2030 ἀρότρῳ
1207 1994 1255 2029 τήν
1272 1994 1407 2021 θάλασσαν
1432 1994 1576 2029 διατεμὼν,
1604 1995 1656 2020 ἀπὸ
1680 1994 1797 2029 Ἀθηνῶν

1012 2041 1060 2076 τὴν
1083 2031 1191 2075 Ῥιῖἷμην
1209 2040 1355 2066 κατέλαὸεν
1371 2039 1487 2075 οὐρανίῳ
1512 2040 1558 2066 καὶ
1575 2040 1638 2075 θείῳ
1655 2040 1795 2075 θελήματι,

1011 2086 1048 2117 ὡς
1066 2086 1117 2112 ὑπὸ
1133 2086 1199 2112 Θεοῦ
1216 2085 1403 2120 ήγαπημένος,
1422 2085 1600 2121 ὁδηγούμενος
1618 2086 1684 2121 (¹51).
1702 2085 1795 2112 Εἰσελ-

1013 2130 1065 2156 θὼν
1082 2131 1109 2156 δὲ
1126 2130 1172 2156 καὶ
1189 2130 1275 2165 εὑρὼν
1291 2130 1336 2156 τὸν
1358 2129 1490 2164 μακάριον
1504 2129 1658 2164 Κλήμεντα,
1676 2130 1713 2160 ὡς
1726 2130 1796 2156 ἀνω-

1011 2177 1082 2211 τέρω
1098 2176 1214 2212 εἴρηται,
1232 2176 1280 2211 τήν
1296 2177 1344 2211 τῆς
1360 2175 1539 2210 ἀποστολικῆς
1556 2175 1687 2210 καθέδρας
1703 2175 1796 2208 ἔχοντα

1012 2221 1143 2252 ἐξουσίαν,
1159 2221 1226 2256 μετὰ
1237 2222 1286 2256 τῆς
1303 2221 1474 2257 καθηκούσης
1486 2221 1568 2255 τιμῆς
1575 2220 1683 2252 εὐθέως,
1694 2220 1730 2251 ὡς
1741 2218 1796 2246 οἷον

1011 2277 1039 2293 τε
1057 2266 1100 2303 ἦν,
1119 2268 1303 2294 ὑποδέδεκται.
1328 2268 1382 2294 Καὶ
1405 2269 1433 2294 ἐν
1457 2267 1530 2301 αὐτῷ
1553 2266 1591 2300 τῷ
1618 2265 1705 2300 καιρῷ
1721 2266 1764 2292 ὅτε
1781 2267 1795 2291 ὁ

978 2306 997 2331 D
1015 2315 1146 2348 μακάριος
1163 2314 1231 2348 ἀνὴρ
1258 2313 1392 2345 Διονύσιος
1415 2313 1461 2339 τοῦ
1490 2311 1621 2347 μακαρίου
1639 2311 1795 2346 Κλήμεντος

1011 2361 1067 2390 τοῖς
1085 2360 1166 2393 ἴχνεσι
1184 2360 1415 2394 προσήγγισε,καὶ
1431 2360 1463 2393 τῇ
1476 2357 1637 2391 ἀποστολικῇ
1656 2357 1794 2392 ἁγιωσύνῃ

1013 2406 1107 2431 ἑαυτὸν
1123 2406 1292 2441 ὲμπαρέθετο
1307 2405 1473 2435 διδάσκαλος,
1497 2405 1542 2430 καὶ
1562 2404 1642 2435 αὐτὸς
1669 2404 1791 2438 ἀποφαν-

1013 2451 1077 2482 θεὶς,
1097 2452 1142 2477 καὶ
1165 2452 1257 2486 τρόπῳ
1274 2451 1312 2486 τῷ
1339 2451 1467 2486 πρέποντι
1490 2449 1641 2483 διδασκάλῳ
1667 2448 1719 2474 ὑπὸ
1744 2447 1792 2474 τοῦ

1012 2497 1089 2530 ἁγίου
1113 2498 1267 2532 Κλήμεντος
1295 2496 1428 2531 τιμηθεὶς,
1453 2497 1499 2522 καὶ
1520 2495 1596 2528 ἀξίαν
1617 2495 1682 2530 παρ’
1710 2494 1792 2520 αὐτοῦ

1013 2543 1060 2568 καὶ
1075 2543 1244 2577 οἰκειοτάτην
1260 2542 1350 2576 τιμὴν,
1368 2541 1404 2571 ὡς
1421 2540 1496 2576 παρὰ
1504 2541 1570 2567 Θεοῦ
1580 2540 1694 2574 εἰληφὼς
1701 2539 1791 2575 χάριν,

1013 2589 1166 2622 ἐκομίσατο,
1185 2588 1230 2614 καὶ
1246 2589 1275 2614 ἐν
1291 2587 1344 2621 ὅσῳ
1360 2586 1424 2617 Θεὸς
1440 2587 1453 2612 ὁ
1469 2586 1668 2620 παντοδύναμος
1684 2585 1723 2619 τῷ
1741 2593 1792 2620 μα-

1015 2634 1101 2669 καρίῳ
1114 2634 1241 2669 Διονυσίῳ
1255 2634 1386 2668 ζωαρκεῖν
1402 2632 1565 2667 ἐδωρήσατο,
1583 2632 1634 2662 ἕως
1651 2632 1727 2666 ἡμῶν
1744 2631 1791 2657 αὐ-

1012 2681 1065 2706 τῶν
1082 2681 1163 2706 πᾶσιν
1176 2680 1217 2705 ἐπ’
1229 2679 1350 2713 εὺσεὸεία
1359 2677 1527 2712 φανερώσας·
1546 2677 1591 2702 καὶ
1607 2678 1620 2702 ὁ
1631 2676 1706 2709 ἅγιος
1719 2675 1791 2709 Κλή-

1014 2734 1066 2759 μης
1073 2726 1132 2751 τότε
1141 2724 1268 2750 Φίλιππόν
1279 2733 1338 2750 τινα
1356 2724 1488 2755 Ἱσπανίας
1501 2723 1647 2749 ἐπίσκοπον
1660 2722 1791 2756 προεστή·

1012 2779 1086 2803 σατο,
1100 2771 1146 2796 καὶ
1161 2770 1209 2804 τὴν
1226 2769 1346 2801 ἐξουσίαν
1359 2770 1390 2803 ἣν
1404 2769 1485 2800 αὐτὸς
1498 2770 1511 2794 ὀ
1524 2769 1592 2799 θεῖος
1607 2767 1720 2801 Κλήμης
1737 2766 1790 2791 ἀπὸ

1011 2817 1055 2842 τοῦ
1077 2816 1210 2852 μακαρίου
1236 2815 1336 2850 Πέτρου
1360 2814 1448 2845 emes,
1466 2814 1578 2840 δέδωκεν
1592 2812 1674 2847 αὐτῷ,
1691 2811 1787 2846 λέγων·
