1860 2961
131 118 165 144 59
503 117 678 145 APPEme
695 117 741 144 AD
759 116 873 144 OPERA
894 116 922 144 S.
942 114 1089 143 sleNYSll
1106 115 1349 143 AREOPAGlTAE.
1366 127 1377 139 ι
1725 116 1759 143 60

132 176 200 208 uita.
211 176 269 210 ipse
285 175 313 202 in
322 175 453 203 extremis
466 175 632 210 assumpsit;
644 179 671 202 et
684 174 711 201 in
726 175 817 209 seipso
831 178 923 200 osten-
939 176 960 204 Α
975 181 1040 206 γουν
1060 173 1265 208 προορισθέντα,
1282 172 1363 203 αὐτὸς
1384 171 1427 198 ἐπ’
1443 172 1563 207 ἐσχάτων
1579 172 1701 204 ἀνέλαὸε,
1713 173 1759 199 καὶ

133 222 184 249 dit.

169 268 202 282 ³³·
218 268 250 293 Et
275 276 321 301 per
348 268 464 302 anqelos.
488 267 550 294 Fuit
575 267 674 294 etenim
700 266 751 294 sul)
778 266 846 301 lege,
862 273 922 301 quae

133 314 282 341 constituta
299 314 349 340 suit
364 321 411 348 per
427 314 538 348 angelos
553 314 580 340 in
595 321 677 340 manu
694 312 862 339 mediatoris.

172 360 205 385 Et
220 360 251 385 de
262 360 364 393 anqelo.
386 359 474 394 Caput
489 359 522 386 de
533 360 630 394 angelo
645 359 817 387 confortante
830 357 923 385 Domi-

133 413 212 436 num,
228 406 300 439 qnod
326 405 352 431 in
379 405 452 431 Luca
479 405 604 437 habetur,
621 405 688 432 citat
707 405 789 432 etiam
807 411 922 438 magnus

134 450 299 485 Dionysius;
316 451 371 477 imo
387 452 424 478 ait
444 451 511 478 illud
529 452 591 483 sibi,
606 455 687 486 atque
711 454 806 477 sancto
831 449 924 476 Timo-

134 496 198 523 theo
208 496 235 522 in
248 497 378 531 mysterio
389 501 416 524 et
429 497 536 524 occulte
548 497 678 524 traditum
691 505 705 523 a
720 501 815 524 sancto
827 495 922 528 Paulo;

135 541 222 576 ipsius
237 542 309 569 enim
327 542 548 576 praedicationem
569 547 681 570 sanctus
700 543 788 570 Lucas
804 542 925 569 conscri-

137 589 200 622 psit.
219 588 276 615 lloc
293 588 416 615 declarat
440 597 515 621 vero,
538 596 600 616 enm
621 594 749 623 tanquam
774 588 800 614 in
821 591 921 622 myste-

138 637 179 661 rio
196 635 337 670 accepisse
351 635 414 670 quia
432 635 498 662 dicit
513 643 518 660 :
539 634 647 661 Nostris
669 634 751 660 sacris
773 633 924 660 traditioni-

137 680 184 706 bus
208 681 363 714 erplanata.
385 680 453 708 Vide
472 688 537 708 vero
556 681 636 708 etiam
657 680 738 706 aliam
761 680 924 713 interpreta-

138 727 241 753 tionem
257 735 316 761 quae
330 727 407 758 dicit,
426 727 528 753 dictum
546 726 618 753 enim
634 733 696 752 esse
710 725 743 751 ab
756 723 826 751 lsaia
838 724 925 758 maqni

140 773 245 799 consilii
258 773 378 807 anyelum
392 781 400 799 :
413 771 550 798 nominari
568 771 689 806 genitum
702 778 827 805 puerum,
848 770 925 796 carni

139 819 226 853 ipsius
244 819 390 845 convenire
412 818 489 848 dicit,
513 821 540 844 et
563 821 674 852 propter
687 817 751 851 quid
768 820 878 843 vocatus
890 817 925 844 sit

139 864 263 897 angelus,
281 865 345 898 quia
364 863 455 890 Patris
471 863 617 890 consitium
634 863 713 889 nobis
728 862 899 889 annuntiavit
917 870 923 887 :

139 917 251 936 servans
265 910 337 936 enim
358 918 408 936 nos
431 917 479 943 per
499 909 637 944 propriam
650 909 818 943 passionem,
834 913 926 935 osten-

139 954 179 980 dit
206 954 313 982 Patrem
335 955 458 989 ejusdem
480 955 562 982 etiam
589 954 676 982 fuisse
702 955 826 987 eonsilii;
841 963 929 990 neque

139 1001 210 1027 enim
226 1005 255 1027 ut
270 1001 382 1028 inferior
393 1002 471 1028 Patre
485 1005 597 1029 vocatus
612 1005 653 1029 est
669 1003 781 1037 angelus
798 1012 805 1029 t
823 1004 873 1029 boc
885 1006 927 1030 est

139 1051 234 1073 contra
258 1047 385 1074 Arianos.
405 1048 492 1081 Caput
510 1047 543 1074 de
567 1047 664 1082 angelo
683 1048 861 1075 confirmante
874 1057 929 1076 non

140 1094 334 1127 capiaspraeter
343 1097 444 1120 sanrtae
454 1093 868 1128 Scriptura:interpretationem,
878 1095 930 1122 hoe

140 1140 211 1166 enim
231 1140 344 1174 intelligi
372 1139 463 1171 debet,
493 1140 643 1167 secundum
668 1147 799 1172 carnem;
825 1147 888 1166 nam
904 1144 931 1167 et

141 1185 205 1211 alibi
222 1185 288 1211 dicit
302 1185 490 1219 Evangelium,
505 1190 565 1220 post
578 1185 760 1213 tentationes:
775 1186 930 1213 Accedentes

142 1231 227 1264 anqeli
244 1230 432 1257 ministrabant
444 1231 468 1257 ei
481 1236 492 1248 ¹¹
506 1240 511 1257 z
526 1235 552 1257 et
563 1231 634 1265 quod
643 1231 771 1265 satiqatus
783 1239 815 1258 ex
827 1232 930 1264 itinere,

141 1280 168 1303 et
179 1276 251 1310 quod
268 1277 430 1304 esurieritoz
446 1277 503 1304 haec
519 1278 590 1304 enim
609 1278 700 1303 omnia
713 1277 859 1305 ostendunt
870 1285 932 1305 eum

143 1322 296 1356 perfectum
312 1322 450 1349 hominem
470 1330 533 1349 cum
559 1323 617 1350 suis
632 1324 808 1357 passionibus
824 1331 932 1350 assum-

143 1368 242 1401 psisse.
273 1367 374 1394 Verum
401 1368 474 1395 dicet
500 1369 612 1403 aliquis,
630 1369 677 1395 ubi
707 1369 857 1396 necessitas
882 1369 933 1395 suit

144 1414 240 1447 angelo
270 1414 370 1440 deitate
396 1415 547 1448 praesente?
575 1414 698 1441 Dicimus
736 1415 818 1449 igitur
848 1415 933 1442 Deum

145 1460 262 1494 plurima
279 1468 326 1495 per
346 1461 457 1495 angelos
479 1461 611 1488 miracula
631 1461 739 1496 operari
758 1465 859 1496 :atque
882 1461 934 1488 hoc

147 1506 274 1533 universa
292 1507 357 1534 dicit
375 1506 526 1541 Scriptura.

184 1628 237 1662 19
251 1627 504 1661 Manifeslalorinm.
524 1626 681 1654 Secundum
699 1626 763 1653 illud
776 1626 882 1661 abipso
903 1626 936 1653 ad
951 1619 971 1648 C

147 1673 255 1701 Patrem
276 1674 379 1700 dictum
397 1682 403 1701 :
418 1673 590 1708 Manifestavi
611 1682 704 1700 nomen
727 1679 798 1700 tuum
823 1674 936 1700 homini-

150 1719 195 1746 bus
206 1725 228 1747 Ρ.

452 1765 486 1793 ΙΝ
505 1765 583 1793 CAP.
605 1765 637 1793 V.

186 1813 308 1840 coelestes
334 1813 472 1840 essentias.
489 1812 545 1839 Cur
572 1819 665 1846 porro,
684 1811 808 1838 Ecclesia
831 1811 939 1838 dicente

152 1858 296 1885 universos
330 1862 440 1885 sanctos
465 1857 581 1892 anqelos,
608 1858 691 1884 unius
711 1864 773 1884 esse
799 1857 938 1889 essentiae,

152 1904 263 1931 divinus
293 1904 440 1939 Dionysius
460 1905 560 1930 multas
584 1905 706 1930 nominat
727 1903 861 1930 virtutes?
882 1902 939 1928 Ma-

154 1959 224 1985 gnus
239 1950 582 1985 Dionysius,Alexandriae
598 1950 756 1984 episcopus,
776 1953 868 1976 orator
885 1948 940 1980 ille,

154 1997 181 2022 in
197 1997 403 2023 commentariis
419 1997 477 2023 suis
501 2004 571 2030 quos
599 1996 626 2022 in
650 1995 759 2021 beatum
781 1994 941 2029 Dionysium

155 2042 208 2068 sibi
236 2042 437 2076 cognominem,
466 2041 541 2072 fecit,
566 2041 603 2067 ita
622 2040 801 2072 dieittQucd
829 2040 942 2074 profana

156 2088 290 2122 sapientia
309 2095 359 2121 pro
379 2095 455 2114 more
473 2087 572 2113 habeat
594 2086 731 2121 appellare
744 2086 890 2119 ἀγέννητον
906 2085 943 2112 in-

156 2138 287 2165 creatum,
304 2133 458 2160 universam
482 2132 646 2159 invisibilem
670 2136 805 2162 naturam,
819 2131 945 2158 similiter

157 2184 183 2205 ct
200 2180 337 2208 essentias
353 2178 558 2210 subsistentias,
572 2182 653 2211 atque
677 2185 710 2203 ex
731 2177 783 2204 hoc
799 2176 876 2206 dicit.
896 2176 945 2202 has

159 2233 240 2252 voces
266 2234 299 2252 ex
328 2232 404 2251 more
432 2223 611 2259 profanorum
635 2222 803 2257 scriptorum
820 2229 835 2249 a
851 2225 946 2249 sancto

160 2270 290 2306 Dionysio
302 2270 414 2297 abusive
426 2269 513 2296 dictas
531 2277 602 2295 esse.

196 2316 449 2350 lilrmisestationem,
467 2315 513 2342 Gr.
538 2315 743 2350 Ἐκφαντορίαν,
767 2314 792 2342 id
808 2318 850 2341 est
863 2313 947 2341 eluci-

162 2362 300 2388 dationem
319 2370 366 2389 seu
385 2361 610 2388 declarationem.

198 2408 348 2440 Appellant.
377 2407 549 2434 Postremum
579 2406 703 2432 ordinem
733 2405 946 2439 intelligibilium

163 2454 240 2484 dicit,
267 2454 400 2480 nominari
426 2453 534 2488 proprie
560 2453 676 2487 anqelos,
703 2451 858 2485 superiores
885 2458 949 2477 vero

166 2499 246 2524 aliter
259 2507 264 2528 2
277 2506 392 2532 quorum
408 2499 514 2533 aliquos
532 2498 612 2525 etiam
630 2498 767 2529 nominat;
782 2497 808 2524 in
825 2497 949 2532 sequenti

167 2552 247 2578 porro
271 2544 368 2577 rapite,
398 2545 524 2570 ordinum
557 2551 652 2570 novem
678 2543 790 2578 mystice
816 2543 948 2574 meminit,

168 2597 240 2615 nunc
256 2594 345 2615 :uitem
362 2590 566 2623 prrlcetedicit,
588 2589 743 2623 superiores
755 2589 864 2615 ordines
880 2589 951 2615 scire

169 2635 258 2661 munia
280 2643 339 2669 quac
368 2636 510 2662 inferiores
535 2635 716 2662 illustratione
742 2635 888 2667 docentum
905 2641 950 2660 co-

974 219 1013 249 εἰς
1029 219 1123 245 ἑαυτὸν
1140 219 1232 252 ἔδειξε.

1009 352 1063 378 Καὶ
1079 352 1145 386 περὶ
1160 352 1213 379 τοῦ
1232 352 1371 386 ἀγγέλου.
1391 351 1492 378 ’Ότιτὸ
1503 351 1549 378 τοῦ
1572 351 1761 386 ἐνισχύσαντος

973 398 1088 431 ἀγγέλου
1110 397 1155 424 τὸν
1178 398 1280 433 Κύριον
1305 397 1464 432 κεφάλαιον,
1486 397 1555 433 ὅπερ
1578 399 1606 424 ὲν
1629 397 1668 433 τῷ
1691 396 1762 424 κατὰ

973 443 1079 468 Λουκᾶν
1103 443 1225 478 φέρεται,
1247 443 1321 476 λέγει
1339 442 1386 468 καὶ
1405 443 1419 469 ὀ
1443 441 1529 477 μέγας
1548 442 1694 476 Διονύσιος,
1716 442 1763 468 καὶ

973 487 1013 513 ὅτι
1029 488 1158 523 ἀγράφως
1176 488 1274 524 μᾶλλον
1287 490 1315 515 ὲν
1327 489 1466 524 μυστηρίῳ
1478 488 1600 524 κρυφίως
1612 488 1675 515 αὐτὸ
1692 497 1762 524 παρ-

974 533 1049 569 εδόθη
1072 533 1146 569 αὐτῷ
1166 535 1213 560 καὶ
1235 535 1274 570 τῷ
1291 534 1360 570 ἁγίῳ
1388 534 1511 569 Τιμοθέῳ
1548 534 1600 560 ὑπὸ
1624 534 1671 560 τοῦ
1694 534 1763 560 ἁπο-

975 579 1068 605 στόλου
1087 580 1208 606 Παύλου·
1223 581 1253 607 τὸ
1277 581 1332 616 γὰρ
1349 581 1431 607 αὑτοῦ
1449 581 1580 616 κήρυγμα
1597 579 1764 615 συνέγραψεν

974 627 988 652 ὁ
997 627 1115 657 Λουκᾶς·
1127 626 1251 662 δηλοῦται
1258 627 1286 653 δὲ
1296 627 1384 659 τοῦτο,
1393 628 1433 653 ὅτι
1446 627 1483 658 ὡς
1497 628 1525 653 ὲν
1543 626 1684 662 μυστηρίῳ
1694 635 1765 661 παρ-

975 671 1070 698 έλαὸεν
1096 672 1149 698 ἀπὸ
1171 672 1218 698 τοῦ
1235 673 1334 698 εἰπεῖν·
1356 673 1421 705 Ταῖς
1436 672 1594 706 ἱεριιτικαῖς
1609 671 1693 706 ἡμῶν
1709 680 1766 698 πα-

971 717 1136 750 ραδόσεσιν
1154 717 1377 752 ἐκπεφασμένα,
1403 719 1472 753 Ὅρα
1492 718 1520 744 δὲ
1543 718 1589 744 κα)Ι
1611 717 1659 752 τὴν
1683 717 1766 752 ἄλλην

976 762 1132 797 ἑρμηνείαν,
1151 763 1210 797 ἥτις
1234 762 1310 797 φησὶ,
1334 762 1364 788 τὸ
1382 762 1435 797 γὰρ
1460 762 1617 798 εἱρῆιιθοιιΜ
1635 761 1710 797 παρὰ
1725 761 1765 797 τῷ

982 807 1079 843 Ἡσαΐᾳ
1095 807 1149 841 τῆς
1170 807 1304 841 μεγάλης
1327 807 1447 841 ,βουλῆς
1473 808 1615 842 ἄγγελον·
1641 807 1767 842 ὀνομάζε-

942 842 965 871 B
981 854 1042 880 σθαι
1062 854 1093 879 τὸ
1115 854 1244 889 γεννηθὲν
1266 853 1370 880 παιδίον
1392 855 1425 890 τῇ
1444 854 1526 889 σαρκὶ
1546 853 1627 880 αὐτοῦ
1651 853 1767 888 πρέπειν

981 900 1056 934 φησὶ,
1074 900 1120 926 καὶ
1129 900 1172 926 διὰ
1188 899 1213 925 τί
1226 899 1326 935 ἐκλήθη
1337 899 1461 934 ἅγγελος,
1475 900 1516 925 ὅτι
1536 900 1584 935 τὴν
1599 899 1645 925 τοῦ
1662 898 1768 934 Πατρὸς

986 945 1082 980 βουλὴν
1106 945 1263 980 ἀνήγγειλεν
1282 946 1363 980 ἡμῖν·
1384 944 1472 976 σώσας
1491 944 1545 980 γὰρ
1567 945 1641 980 ἡμᾶς
1662 944 1704 971 διὰ
1720 945 1768 970 τοῦ

979 991 1079 1017 οἰκείου
1106 991 1217 1022 πάθους,
1231 991 1339 1023 ἔδειξεν,
1361 991 1400 1017 ὅτι
1413 991 1459 1017 καὶ
1479 992 1493 1016 ὁ
1505 991 1598 1026 Πατὴρ
1616 990 1719 1026 ταύτης
1734 988 1769 1026 ἦν

980 1036 1028 1072 τῆς
1046 1036 1156 1071 βουλῆς·
1172 1036 1232 1063 οὔτε
1256 1037 1310 1072 γὰρ
1333 1037 1370 1069 ὡς
1392 1036 1569 1072 ὐποὸεὸηκὼς
1591 1037 1638 1063 τοῦ
1662 1036 1770 1072 Πατρὺς

981 1081 1081 1116 ἐκλήθη
1100 1081 1224 1115 ἄγγελος·
1237 1082 1305 1117 πρὸς
1322 1082 1478 1117 ’Λρειανοὺς
1494 1082 1581 1108 τοῦτο.
1600 1082 1636 1108 Τὸ
1652 1082 1698 1108 τοῦ
1726 1082 1770 1108 ὲν-

978 1126 1252 1162 ισχύσαντοςάγγέλου
1263 1128 1409 1162 κεφάλαιον
1426 1128 1462 1164 μὴ
1477 1128 1552 1163 παρὰ
1563 1128 1612 1164 τὴν
1623 1127 1771 1163 ἑρμηνείαν

982 1173 1045 1208 δέξῃ
1063 1173 1111 1208 τῆς
1129 1173 1209 1206 ἁγίας
1221 1174 1345 1208 Γραφῆς·
1365 1174 1432 1208 πρὸς
1453 1173 1507 1209 γὰρ
1529 1174 1578 1209 τὴν
1597 1174 1686 1209 σάρκα
1702 1173 1773 1208 ὀφεί-

982 1219 1023 1245 λει
1039 1219 1119 1245 τοῦτο
1135 1219 1267 1245 νοεῖσθαι·
1285 1219 1332 1244 καὶ
1348 1219 1464 1253 ἀλλαχοῦ
1481 1220 1535 1254 γάρ
1553 1228 1618 1254 φησι
1637 1219 1667 1245 τὸ
1688 1219 1774 1253 Εὐαγ-

983 1264 1089 1299 γέλιον,
1119 1264 1186 1299 μετὰ
1203 1264 1266 1296 τοὺς
1290 1265 1470 1300 πειρασμοὺς,
1493 1265 1533 1290 ὅτι
1556 1265 1774 1298 προσελθόντες

983 1311 1102 1344 ἄγγελοι
1116 1310 1277 1343 διηκόνουν
1288 1309 1367 1341 αὐτῷ
1377 1318 1383 1324 ·
1399 1310 1446 1335 καὶ
1454 1309 1664 1336 ὄτιὲκοπίῑισεν
1677 1309 1710 1335 ἐκ
1720 1309 1776 1342 τῆς

984 1356 1153 1390 ὁδοιπορίας
1166 1356 1212 1382 καὶ
1228 1356 1267 1382 ὅτι
1283 1355 1437 1389 ἐπείνησε·
1447 1354 1532 1381 ταῦτα
1540 1355 1594 1390 γὰρ
1606 1355 1693 1381 πάντα
1703 1354 1775 1380 δείκ-

985 1411 1070 1434 νυσιν,
1086 1403 1125 1428 ὅτι
1142 1403 1241 1428 τέλειον
1253 1402 1379 1428 ἀνέλαῧεν
1392 1402 1532 1437 ἄνθρωπον
1546 1402 1613 1437 μετὰ
1623 1401 1676 1427 τῶν
1693 1400 1775 1428 αὐτοῦ

986 1494 1120 1530 θειότητος
1129 1495 1151 1510 ³⁶
1171 1495 1328 1529 παρούσης;
1347 1494 1469 1529 Λέγομεν
1488 1492 1533 1520 οὖν
1553 1494 1592 1520 ὅτι
1615 1493 1650 1520 τὰ
1665 1493 1748 1519 πλείω
1762 1493 1776 1518 ὀ

986 1539 1052 1571 Θεὸς
1078 1540 1111 1565 δι’
1139 1540 1262 1573 ἀγγέλων
1294 1539 1509 1574 θαυματουργεῖ·
1536 1539 1583 1565 καὶ
1604 1538 1684 1564 τοῦτο
1703 1537 1776 1572 λέγει

989 1587 1062 1612 πᾶσα
1076 1586 1092 1620 ἠ
1109 1585 1168 1612 θεία
1183 1586 1289 1621 Γραφή.

1033 1631 1273 1665 Ἐκραντορικήν.
1299 1631 1377 1656 Κατὰ
1401 1630 1431 1656 τὸ
1452 1630 1520 1666 πρὸς
1541 1630 1586 1656 τὸν
1600 1629 1711 1665 Πατέρα
1731 1629 1777 1655 ὑπ’

988 1677 1069 1702 αὐτοῦ
1109 1676 1212 1711 λεχθέν·
1243 1675 1428 1710 Ἐφανέρωσά
1457 1683 1514 1701 σου
1548 1675 1581 1701 τὸ
1615 1675 1707 1709 ὄνομα
1717 1674 1779 1707 τοῖς

988 1721 1161 1755 ἀνθρώποις.

1225 1767 1278 1795 ΕΙΣ
1298 1767 1340 1793 ΤΟ
1361 1766 1486 1793 ΚΕΦΛΛ.
1509 1766 1550 1792 E'.

1028 1814 1082 1846 Τὰς
1101 1813 1242 1847 οὐρανίας
1269 1813 1386 1845 οὐσίας.
1407 1812 1438 1838 Τὶ
1462 1812 1575 1847 δήποτε,
1593 1812 1658 1846 μιᾶς
1682 1811 1778 1843 οὐσίας

991 1850 1059 1887 εἶναι
1085 1860 1189 1890 πάντας
1214 1859 1308 1892 ἁγίους
1332 1859 1395 1889 τοὺς
1421 1858 1553 1892 ἀγγέλους
1577 1857 1708 1891 λεγούσης
1731 1857 1781 1892 τῆς

998 1905 1199 1941 ἘκκλησίαςΉ,
1230 1905 1244 1929 ὀ
1275 1904 1345 1935 θεῖος
1373 1903 1509 1934 Διονύσιος
1534 1903 1633 1934 πολλὰς
1655 1902 1781 1937 ὀνομάζει

992 1953 1137 1986 ὃυνάμεις;
1158 1951 1186 1977 Ὀ
1207 1950 1271 1984 γοῦν
1293 1950 1378 1984 μέγας
1393 1949 1527 1980 Διονύσιος
1547 1949 1559 1975 ὁ
1581 1947 1781 1984 Ἀλεξανδρείας

993 1998 1149 2028 ἐπίσκοπος,
1168 1998 1181 2023 ὁ
1202 1996 1255 2022 ἀπὸ
1275 1996 1406 2031 ρητόρων,
1423 1997 1452 2021 ὲν
1473 1996 1529 2025 τοῖς
1552 1995 1665 2028 σχολίοις
1680 1991 1719 2025 οἷς
1734 2002 1799 2019 πε-.

995 2042 1106 2076 ποίηκεν
1122 2042 1162 2073 είς
1176 2041 1222 2067 τὸν
1242 2040 1375 2075 μακάριον
1389 2039 1526 2065 Διονύσιον
1540 2039 1585 2064 τὸν
1604 2038 1685 2064 αὐτοῦ
1719 2045 1782 2063 συν-

993 2091 1047 2116 (qm-,2
1053 2084 1188 2123 μῃν,οὔτω
1195 2085 1278 2119 λέγει,
1288 2086 1328 2111 ὅτι
1341 2085 1487 2119 ἀγέννητον
1498 2085 1576 2111 εἴωθε
1593 2085 1685 2110 καλεῖν
1697 2084 1713 2119 ἠ
1730 2084 1783 2116 ἔξω

997 2133 1077 2167 σοερία
1096 2133 1185 2158 πᾶσαν
1206 2131 1320 2167 ἀόρατον
1337 2131 1426 2165 φύσιν,
1440 2131 1540 2166 ὁμοίως
1559 2131 1605 2157 καὶ
1626 2130 1719 2162 οὐσίας
1734 2130 1783 2161 τὰς

997 2178 1173 2209 imos-„daste-
1194 2177 1248 2203 κάκ
1266 2177 1359 2203 τούτου
1381 2178 1473 2211 φησιν,
1495 2177 1535 2202 ὅτι
1558 2176 1626 2203 κατὰ
1645 2177 1707 2207 τοὺς
1731 2175 1783 2208 ἔξω

998 2223 1119 2258 εἴρηνται
1134 2221 1173 2256 τῷ
1190 2221 1258 2256 ἁγίῳ
1279 2222 1407 2255 Διονυσίῳ
1425 2221 1452 2247 αἱ
1474 2220 1595 2247 τοιαῦται
1622 2220 1709 2255 φωναὶ
1732 2228 1783 2246 κα-

962 2282 984 2309 D
1000 2267 1198 2303 ἰα-χρηστικῶς.

1045 2314 1265 2348 Ἐκφαντομῐην.
1284 2313 1412 2340 Τουτέστι
1434 2313 1483 2348 τὴν
1501 2312 1640 2346 ἕκφανσιν,
1657 2312 1715 2346 ’ἦτοι
1731 2311 1784 2337 δια-

1002 2362 1127 2395 σάφησιν.

1043 2405 1237 2439 Ὀνομάζοιισι,
1258 2405 1313 2439 Τὴν
1328 2404 1445 2439 ἐσχάτην
1457 2404 1511 2430 τῶν
1528 2403 1630 2438 νοητῶν
1641 2402 1718 2434 τάξιν
1733 2410 1783 2427 κυ-

1005 2453 1068 2487 ρίως
1080 2451 1226 2485 ἀγγέλους
1241 2451 1306 2486 φησι
1321 2450 1567 2485 προσαγορεύεσθαι
1579 2458 1584 2464 ·
1602 2448 1650 2480 τὰς
1664 2448 1690 2474 δὲ
1703 2448 1783 2482 ὑπερ-

1004 2497 1151 2532 esem-ata<
1174 2497 1284 2532 ἐτέριι)ς,
1307 2493 1344 2522 ὧν
1362 2496 1435 2526 ἐνίας
1455 2496 1501 2522 καὶ
1518 2495 1655 2530 ὀνομάζει·
1669 2495 1698 2520 ἐν
1709 2494 1735 2519 δὲ
1747 2493 1785 2528 τῷ

1003 2543 1066 2577 ἑξῆς
1081 2543 1218 2576 κεφαλαίῳ
1235 2542 1287 2568 τῶν
1302 2541 1378 2568 ἐννέα
1395 2541 1542 2575 ταγμάτων
1564 2540 1700 2575 μυστικῶς
1719 2540 1786 2565 ἀπο-

1005 2587 1182 2622 μνημονεύει·
1196 2587 1242 2612 νῦν
1256 2587 1283 2612 δὲ
1290 2586 1386 2617 τελέως
1401 2586 1483 2619 λέγει,
1499 2586 1538 2611 ὅτι
1555 2586 1580 2610 al
1596 2584 1727 2619 ἀνώτεραι
1742 2583 1787 2609 τά,

1005 2633 1059 2665 ξεις
1074 2633 1232 2659 ἐπίστανται
1250 2632 1298 2666 μὲν
1313 2632 1362 2657 ὅσα
1381 2632 1408 2657 αί
1427 2631 1623 2666 ὐτοοῦεῦηκυῖαι
1640 2631 1672 2657 δι’
1686 2629 1784 2664 ἐλλάμ-

211 2710 222 2721 ··
249 2703 342 2729 lilattli.
359 2712 395 2736 iv,
415 2703 457 2730 Η.
491 2708 502 2720 0
514 2702 592 2730 Joan.
612 2712 648 2736 iv,
662 2703 695 2732 63
712 2701 803 2729 lllattb.
821 2708 858 2733 tv,
872 2699 898 2726 2.
912 2704 925 2724 Ρ
943 2698 1023 2727 Joan.
1035 2709 1101 2734 xvn,
1114 2700 1142 2728 6.

659 2771 774 2799 VAsslAE
793 2768 982 2797 LECTlONES
1001 2768 1044 2795 ET
1060 2766 1329 2796 CORRECTIONES.

241 2830 258 2845 ⁴·
273 2829 332 2857 llaec
352 2830 448 2858 desunt
463 2830 490 2857 in
503 2830 605 2857 Graeco.
664 2830 685 2844 ³⁶
698 2827 849 2862 εἰρημένον.

900 2826 922 2841 ³⁰
939 2825 1060 2859 ἀγγέλων
1078 2824 1211 2859 θεότητος.

1254 2823 1274 2839 ³⁷
1293 2821 1412 2856 Γραφῆς,
1430 2820 1579 2855 Scripturoe.
