1860 2961
122 103 174 131 625
719 94 746 119 S.
765 90 914 119 IuONYStt

933 88 1024 115 Alit-:0
1030 86 1166 115 PAGt'l'AE
1708 81 1760 111 682

124 167 275 198 martyrum
297 158 442 188 ecclesiam
460 155 615 187 aedificavit,
630 158 656 181 et
674 154 700 180 in
718 157 814 180 sancta
831 150 916 185 gloria
933 150 954 178 Α
968 148 1026 179 λίας
1043 146 1241 182 ἐπιστρέψασα,
1258 145 1340 171 παντὶ
1360 143 1451 179 μόχθῳ
1466 143 1511 170 καὶ
1529 143 1654 178 καμάτῳ,
1672 141 1763 174 καθὼς

125 213 227 235 μασι-ιιι)
245 205 388 234 Trinitatis
416 205 498 239 digne
524 210 585 229 cum
611 199 780 234 aromatibus
802 197 854 224 tria
871 204 919 223 nu-

126 263 202 282 mero
220 258 314 281 sancta
334 258 448 286 corpora
474 248 656 276 condiderunt
673 254 705 273 ac
721 246 918 280 deposuerunt,

127 302 182 329 lieu
200 308 290 328 rerum
305 298 427 326 onmium
443 299 620 331 praepotente,
631 293 678 328 qui
690 292 840 327 opitulatur
854 296 920 323 quo—

127 349 192 375 tidie
210 349 235 374 in
254 346 333 373 bonis
358 352 389 371 ac
415 343 514 374 beatis,
533 342 579 377 qui
603 339 752 367 virtutibus
779 336 920 371 signisque

127 395 242 421 clarent.
267 391 334 425 Quae
360 390 444 425 igitur
470 389 575 417 oratio.
594 390 640 413 aut
657 392 717 420 quae
741 384 843 417 lingua,
864 384 920 406 tam

127 446 289 473 magnorum
307 436 429 463 virorum
447 434 516 461 mira
533 438 559 460 et
584 432 714 459 inusitata
731 435 815 464 opera
833 425 922 461 possit

128 493 276 520 cxponerc,
295 491 357 510 cum
376 490 409 509 nc
424 482 476 516 ipsi
489 480 598 515 quidem
610 479 730 505 humana
748 474 854 502 ratione
871 479 922 499 sua

127 532 279 566 intelligere
295 528 419 564 possint?
442 525 565 560 AEgrotis
581 524 654 550 euim
673 522 799 551 salutem,
817 518 921 545 claudis

129 581 278 609 incessum,
296 575 376 602 caecis
393 574 497 603 lumen,
521 571 614 598 surdis
636 569 770 598 anditum,
788 570 815 593 et
836 565 921 592 mutis

128 631 283 652 sermonem
309 623 417 650 dantes.
445 616 657 650 immundosque
683 614 797 648 spiritus
821 612 867 646 qui
894 611 922 637 in

127 669 290 704 corporibus
313 666 432 694 insident
458 663 645 698 exagitantes,
665 659 774 687 assidue
801 657 921 685 remedia

129 716 258 742 asserunt.

165 846 220 872 Nos
237 850 346 879 quoque
364 846 390 868 ct.
408 840 522 868 salutari
540 843 613 872 voto,
631 843 657 865 et
674 837 753 864 beata
770 834 925 862 obedientia

130 892 239 923 divites.
256 890 306 917 etsi
324 888 442 915 maxime
459 886 597 920 indignos,
615 892 709 911 eorum
729 888 819 909 tamen
838 881 926 917 preci-

131 938 182 964 hus
209 935 332 970 adjutos,
352 933 468 960 salutem
494 934 672 958 assecuturos
699 927 862 958 credamus;
881 930 928 951 aut

131 985 213 1011 etiam
241 981 343 1009 deserti
370 984 400 1006 ut
424 979 541 1013 indigni,
560 977 693 1003 faciamus
716 979 746 1001 ut
771 974 798 1000 iu
817 973 926 999 illorum

132 1029 237 1056 meritis
253 1029 288 1056 sit
297 1027 377 1053 nobis
387 1025 519 1052 auxilium
530 1028 557 1051 et
569 1022 726 1058 praesidium
736 1020 927 1047 constitutum.

132 1076 226 1110 Neque
250 1075 323 1100 enim
351 1080 366 1099 a
391 1071 495 1098 nostris
517 1069 640 1096 moribus
667 1067 830 1097 habuimus,
849 1069 897 1092 aut
915 1072 929 1090 a

138 1127 233 1149 :costra
251 1119 430 1155 praenotione,
452 1116 500 1144 sed
518 1124 552 1143 ex
567 1115 655 1142 veteri
671 1113 831 1140 narratione
849 1111 929 1138 nobis

134 1168 270 1201 perlatum
288 1167 348 1191 est:
362 1169 476 1197 quaeque
487 1167 574 1195 pauca
591 1167 607 1186 a
624 1162 698 1186 certa
711 1158 843 1191 firmaque
861 1157 931 1182 auti-

133 1211 284 1246 quitate‚et
294 1217 308 1236 a
317 1209 407 1244 longis
418 1206 588 1242 temporibus
597 1205 762 1236 audivfflrus,
770 1211 801 1230 ea
810 1207 839 1229 ut
847 1202 933 1237 potui—

135 1266 196 1284 mus
211 1256 308 1283 littoris
324 1254 561 1284 mandamus‚non
571 1259 619 1286 pro
629 1251 716 1277 lubitu
733 1249 932 1284 expositionem

137 1302 270 1338 aggressi,
289 1300 338 1328 sed
350 1305 379 1326 ut
387 1306 549 1334 magnorum
561 1297 703 1324 doctorum
722 1303 766 1322 res
784 1298 874 1329 gestas
886 1301 931 1319 co-

136 1349 228 1383 gnitas
245 1347 404 1377 habuimus,
416 1345 496 1372 veriti
510 1343 608 1374 Deum,
626 1342 824 1375 charitatisque
842 1339 934 1367 studio

138 1394 260 1426 incensi,
278 1393 364 1420 multa
382 1396 408 1418 et
425 1391 556 1426 praeclara
569 1390 712 1416 beatorum
725 1388 858 1418 virorum,
874 1394 935 1421 quae

138 1441 208 1467 mira
232 1443 307 1470 sunt,
332 1438 413 1474 403
442 1438 565 1464 facinora
591 1436 682 1463 conati
710 1442 818 1466 sumus,
830 1432 935 1460 Christi

138 1486 228 1512 laudis
249 1492 344 1515 causa.
361 1484 509 1519 glor-ianque
528 1484 681 1516 martyrum
703 1484 729 1507 et
751 1479 891 1506 memoriae
907 1478 934 1504 in

138 1530 271 1557 extremis
288 1529 376 1556 sacris
401 1528 504 1555 chartis
521 1526 651 1562 prodere;
669 1533 704 1552 ne
725 1525 748 1551 si
766 1523 936 1559 neglexisse--

140 1584 202 1603 mus
219 1583 251 1603 ac
267 1575 551 1608 contempsissemus,
574 1572 715 1606 veterique
732 1571 804 1598 hosti
828 1573 934 1598 nostro.

139 1623 186 1658 qui
205 1623 233 1649 iu
248 1621 398 1657 perniciem
416 1624 443 1647 et
454 1620 567 1647 exitium
585 1622 710 1646 nostrum
728 1617 833 1652 vigilat,
851 1620 877 1643 et
894 1617 936 1642 in-

140 1668 394 1701 »idet,=parentes‚
417 1664 626 1692 reticuissemus
645 1662 702 1689 haec
719 1662 822 1693 omnia,
840 1661 937 1688 eodem

141 1713 224 1740 modo
247 1720 301 1748 quo
320 1713 338 1739 ii
355 1712 464 1738 [launna
481 1714 507 1737 et
526 1710 588 1745 igne
603 1716 635 1736 ea
649 1716 710 1743 quae
726 1707 761 1734 ab
777 1708 817 1734 eis
835 1707 938 1740 scripta

141 1765 232 1793 erant,
244 1760 411 1794 deflagrasse
425 1757 532 1788 dicunt,
549 1763 644 1783 eorum
659 1754 746 1789 gratia
764 1753 938 1786 amicitiaque

143 1808 292 1842 privemur.
311 1806 380 1833 Cum
399 1808 489 1831 autem
506 1802 690 1838 cogitationes
708 1806 820 1831 nostrae,
837 1804 864 1826 et
880 1800 940 1826 illo-

144 1862 204 1880 rum
221 1853 308 1888 gratta
327 1851 450 1886 vigilent,
461 1854 489 1877 et
505 1857 538 1877 ex
554 1849 651 1884 paucis
663 1847 775 1882 scriptis
788 1846 939 1881 prodeant:

143 1908 176 1928 ea
193 1908 253 1935 quae
271 1898 390 1934 cogitata
406 1900 470 1924 sunt
485 1900 512 1923 et
526 1895 611 1926 dicta,
625 1901 724 1929 magna
737 1901 798 1920 esse
813 1896 939 1927 possunt.

145 1946 210 1973 llaee
226 1954 291 1972 vero
309 1945 384 1979 ipsos
402 1944 460 1970 sine
477 1946 565 1972 metu.
580 1940 738 1974 multosque
753 1939 822 1966 alios
838 1938 941 1965 Christi

146 2000 229 2020 causa
252 1996 278 2019 et
299 1990 410 2018 nomine
432 1988 585 2016 certamina
610 1987 759 2022 pertulisse
783 1984 941 2016 credimus,

145 2047 209 2065 cum
227 2039 308 2064 etiam
323 2036 357 2063 ad
374 2036 432 2062 haec
447 2043 535 2069 usque
547 2038 681 2068 tempora,
698 2036 739 2059 tot
751 2035 862 2066 tamque
873 2030 944 2057 mira

147 2092 229 2120 opera
246 2088 273 2111 ct
285 2082 417 2109 miracula
434 2089 482 2116 per
499 2088 546 2108 eos
563 2079 605 2107 vis
622 2079 715 2106 divina
733 2078 822 2112 palam
837 2076 881 2104 edi
897 2084 944 2103 ve-

149 2133 190 2165 lit,
209 2134 239 2157 ut
253 2136 349 2157 omnes
367 2129 464 2155 incolae
481 2132 508 2154 et
523 2127 635 2153 advenae
653 2126 859 2158 obstupescant.
873 2123 945 2157 Ergo

150 2177 273 2213 perpessi
292 2180 356 2203 sunt
373 2178 489 2202 mortem
507 2173 610 2200 Christi
625 2175 761 2206 martyres
778 2170 925 2205 Dionysius
936 2191 943 2202 ,

150 2226 281 2253 Rusticus
306 2227 333 2250 et
356 2221 543 2252 Eleutherius,
560 2219 677 2254 septimo
701 2217 837 2244 Kalendas
863 2215 946 2242 Octo-

151 2273 219 2302 hris.
231 2271 387 2298 Domitiano
399 2269 565 2303 imperatore
583 2267 610 2293 in
625 2265 723 2296 Gallia,
737 2264 852 2291 Lutetiae
869 2262 947 2288 l'ari-

152 2317 268 2348 siorum,
287 2319 417 2350 regnante
435 2313 551 2340 Domino
569 2316 663 2339 nostro
679 2309 744 2337 Jesu
759 2310 870 2336 Christo
883 2316 946 2335 cum

154 2362 233 2389 Patre
250 2366 277 2388 et
294 2365 390 2388 sancto
409 2359 525 2395 Spiritu,
539 2366 614 2385 nunc
631 2362 657 2385 et
675 2364 794 2389 semper,
809 2360 836 2384 et
852 2356 880 2384 in
896 2363 946 2383 ειυ-

155 2409 216 2434 cuta
234 2408 406 2436 srecnlorum.
427 2407 524 2433 Amen.

971 194 1112 229 ἠδύναντο,
1133 192 1202 228 μετὰ
1219 192 1310 226 πάσης
1327 189 1480 226 προσευχῆς
1498 189 1543 216 καὶ
1563 189 1683 225 μεγάλης
1706 190 1765 214 ἐπι-

972 239 1071 275 θυμίας
1094 240 1186 266 ὲπάνω
1202 237 1256 264 τῶν
1280 235 1422 271 μακαρίων
1445 236 1578 271 σωμάτων
1601 235 1654 261 τῶν
1679 233 1764 268 ἁγίων

974 285 1121 321 μαρτύρων
1138 283 1286 319 ἐκκλησίαν
1304 282 1503 317 οἰκοδομήσασα
1515 302 1521 311 ,
1540 280 1586 307 καὶ
1603 282 1631 307 ὲν
1648 282 1681 315 τῇ
1699 280 1766 314 ἁγίᾳ

972 332 1036 368 δόξῃ
1051 333 1101 367 τῆς
1117 332 1198 365 ἁγίας
1215 330 1329 365 Τριὰδος
1342 348 1349 361 ,
1366 329 1457 364 τρίτον
1474 327 1588 363 ἀριθμὸν
1606 327 1660 361 (94)
1684 325 1766 358 ἀξίως

974 379 1042 414 μετὰ
1059 378 1213 413 ἀρωμάτων
1230 375 1375 403 κατέθεντο
1391 374 1425 400 τὰ
1442 373 1504 406 ἄξια
1521 373 1636 407 σώματα
1653 372 1711 406 Θεῷ
1726 370 1766 405 τῷ

973 423 1171 458 παντοδυνάμῳ
1187 420 1329 456 βοηθοῦντι
1347 421 1375 446 ἐν
1398 419 1509 453 ἀγαθοῖς
1528 418 1588 444 καθ’
1599 418 1704 454 ἡμέραν
1720 418 1768 444 δυ-

973 470 1072 505 νάμεσι
1089 469 1135 496 καὶ
1161 467 1285 503 σημείοις
1301 465 1492 501 διαλάμπουσι.
1520 466 1598 496 Ποῖος
1621 462 1668 490 οὖν
1690 464 1767 498 λόγος

973 517 990 552 ἢ
1008 516 1073 543 ποία
1088 514 1200 550 γλῶσσα
1218 512 1353 539 τοσούτων
1374 511 1521 547 μαρτύρων
1542 510 1694 546 ἐπαρκέσαι
1709 510 1768 545 διη-

974 562 1110 599 γήσασθαι
1126 561 1176 592 τὰς
1192 559 1336 594 δυνάμεις,
1351 559 1451 586 ὁπόταν
1468 557 1527 584 οὐδὲ
1548 557 1624 583 αὐτοὶ
1642 556 1770 583 δύνανται

975 609 1137 645 ἀνθρωπίνῳ
1158 605 1281 641 λογισμῷ
1297 605 1463 640 κατανοῆσαι
1486 604 1520 630 τὰ
1538 603 1656 635 ἑαυτῶν;
1678 603 1771 629 Ἀσθε-

974 656 1049 683 νοῦσι
1071 655 1126 691 γὰρ
1150 653 1299 689 σωτηρίαν,
1313 652 1409 688 χωλοῖς
1424 651 1455 677 τὸ
1473 651 1643 686 περιπατεῖν,
1661 650 1771 684 τυφλοῖς

975 703 1044 738 φῶς,
1062 703 1163 736 κωφοῖς
1179 701 1210 726 τὸ
1226 698 1346 730 ἀκούειν,
1364 699 1411 725 καὶ
1429 697 1536 728 ἀλάλοις
1549 697 1665 727 διδόντες
1681 697 1770 731 λόγον,

976 749 1022 775 καὶ
1039 747 1183 782 ἀκάθαρτα
1200 745 1344 781 πνεύματα
1357 744 1560 780 παρεδρεύοντα
1575 745 1631 775 τοῖς
1649 742 1771 778 σώμασιν

977 794 1163 825 ὲκδιώκοντες,
1180 792 1328 823 ἀπαύστως
1344 791 1493 827 παρέχουσι
1508 790 1558 821 τὰς
1577 790 1670 821 ἰάσεις.

943 823 961 850 Β
1014 841 1069 868 Καὶ
1086 840 1174 875 ἀγαθῇ
1194 840 1260 874 εὐχῇ
1279 838 1325 865 καὶ
1345 837 1467 873 μακαρίᾳ
1483 837 1588 871 ὑπακοῇ
1607 835 1774 870 πιαινόμενον.

979 887 1069 922 ἡμεῖς,
1088 887 1111 913 εἰ
1132 886 1179 912 καὶ
1199 885 1233 911 τὰ
1258 884 1375 920 μάλιστα
1391 885 1415 910 οἰ
1430 883 1533 915 ἀνάξιοι
1549 884 1609 914 ταῖς
1626 882 1714 909 αὐτῶν
1732 891 1777 908 πι-

980 933 1111 968 στεύομεν
1137 933 1302 968 προσευχαῖς
1329 931 1505 967 βοηθούμενοι
1530 929 1706 965 σώζεσθαι,ἣ
1731 929 1777 956 καὶ

980 979 1151 1014 ἐξιστάμενοι
1167 978 1204 1010 ὡς
1220 977 1324 1010 ἀνάξιοι
1340 977 1390 1008 τὰς
1408 976 1497 1003 αὐτῶν
1514 977 1579 1011 ἡμῖν
1591 976 1668 1008 ἀξίας
1685 984 1776 1010 παρα-

981 1026 1079 1060 στῆσαι
1096 1024 1266 1060 πειρώμεθα·
1285 1024 1346 1058 οὺχὶ
1363 1023 1417 1058 γὰρ
1436 1024 1468 1049 ἐκ
1489 1022 1543 1049 τῶν
1561 1022 1702 1057 ἡμετέρων
1719 1023 1780 1057 τρό-

981 1079 1040 1097 πων
1058 1067 1095 1096 ὧν
1109 1069 1278 1104 κεκτήμεθα,
1294 1068 1311 1102 ἢ
1324 1068 1413 1102 οἰκείᾳ
1429 1066 1593 1103 προγνώσει,
1612 1066 1668 1092 ἀλλ’
1680 1067 1711 1092 ἐκ
1728 1075 1779 1092 πα-

981 1117 1059 1147 λαιᾶς
1072 1116 1224 1151 διηγήσεως
1243 1116 1309 1150 ἡμῖν
1331 1113 1472 1148 ἐξηνέχθη,
1485 1113 1531 1139 καὶ
1548 1112 1565 1139 ἃ
1582 1114 1614 1139 ὲκ
1632 1112 1730 1148 μέρους
1748 1114 1780 1138 ὲκ

983 1162 1081 1197 παγίου
1105 1161 1219 1197 ἀρχαίου
1245 1160 1321 1194 ὀλίγα
1345 1159 1415 1186 καθὰ
1439 1159 1629 1194 ἠδυνήθημεν,
1657 1158 1704 1185 καὶ
1727 1158 1781 1184 ἀπὸ

985 1207 1098 1244 μακρῶν
1125 1208 1229 1242 χρόνων
1255 1206 1426 1241 ἀκηκόαμεν,
1441 1206 1470 1231 ὲν
1493 1206 1637 1240 συγγραφῇ
1660 1204 1783 1239 παρεδώ-

985 1262 1084 1288 καμεν,
1102 1253 1152 1278 οὐκ
1169 1251 1406 1286 αὐτομολήσαντες
1424 1249 1487 1284 περὶ
1500 1249 1549 1283 τήν
1565 1247 1694 1282 ἐξήγησιν
1713 1247 1781 1282 (95),

984 1299 1021 1331 ὡς
1036 1299 1154 1334 εἴρηται,
1167 1297 1223 1324 ἀλλ’
1232 1297 1269 1329 ὡς
1283 1297 1337 1323 τῶν
1351 1295 1476 1331 μεγάλων
1491 1295 1613 1329 ἔγνωμεν
1627 1294 1704 1328 διηγή
1710 1302 1783 1328 ματα

985 1343 1164 1374 διδασκάλων,
1183 1342 1344 1377 φοὸούμενοι
1369 1341 1415 1367 τὸν
1436 1340 1513 1371 Θεὸν,
1531 1340 1577 1366 καὶ
1602 1340 1635 1374 τῇ
1664 1339 1784 1375 μερίμνῃ

985 1390 1037 1424 τῆς
1062 1390 1171 1423 ἀγάπης
1189 1387 1382 1422 ἀναπτόμενοι,
1402 1385 1487 1412 πολλὰ
1506 1385 1560 1411 τῶν
1576 1384 1718 1420 μακαρίων
1735 1384 1783 1410 ἀν-

986 1435 1058 1471 δρῶν
1084 1433 1204 1469 φωτεινὰ
1235 1433 1362 1468 θαύματα
1390 1430 1585 1466 ἠγωνισάμεθα
1610 1431 1650 1462 εἰς
1675 1430 1784 1456 ἔπαινον

962 1502 971 1511 ,
988 1479 1118 1516 Χριστοῦ,
1135 1479 1182 1506 καὶ
1201 1479 1279 1512 δόξαν
1304 1478 1359 1504 τῶν
1384 1476 1530 1513 μαρτύρων
1548 1475 1594 1502 καὶ
1620 1476 1784 1510 ἀνάμνησιν,

988 1527 1017 1553 ἐν
1035 1526 1160 1561 ἐσχάτοις
1176 1526 1260 1560 ἱεροῖς
1271 1523 1439 1559 παραδοῦναι
1456 1523 1584 1558 χάρτεσιν
1602 1521 1668 1557 (96),
1687 1522 1730 1547 ἰ’να
1747 1521 1786 1556 μὴ

988 1570 1191 1605 ὑποκλέψαντες
1207 1570 1254 1596 καὶ
1271 1570 1469 1604 ἀμελήσαντες,
1483 1569 1527 1595 καλ1
1544 1568 1583 1604 τῷ
1597 1569 1702 1604 ἀρχαίῳ
1718 1577 1786 1604 γρη-

988 1617 1113 1653 γοροῦντι
1130 1617 1190 1643 καθ’
1205 1616 1284 1651 ὴμῶν
1297 1615 1386 1651 ἐχθρῷ
1400 1616 1445 1642 καὶ
1459 1615 1600 1650 φθονοῦντι
1617 1615 1786 1650 πειθόμενοι,

991 1665 1153 1699 σιγήσαντες
1165 1663 1265 1699 ὁμοίως
1281 1664 1337 1693 τοῖς
1354 1662 1488 1696 λέγουσιν,
1506 1662 1547 1688 ὅτι
1564 1662 1641 1696 φλογὶ
1653 1663 1786 1697 καυστικῇ

990 1709 1222 1743 κατακεκαυμένα
1245 1708 1298 1734 εἰσὶ
1323 1707 1357 1734 τὰ
1384 1708 1587 1743 συγγράμματα
1611 1708 1701 1734 αὐτῶν
1720 1708 1787 1742 (97),

991 1755 1172 1790 ἁποτύχωμεν
1195 1755 1244 1789 τῆς
1272 1754 1385 1789 χάριτος
1402 1753 1501 1779 αὐτῶν.
1526 1754 1585 1780 Τῶν
1602 1754 1629 1779 δὲ
1647 1754 1789 1789 ἡμετέρων

992 1801 1102 1828 ἐννοιῶν
1118 1799 1312 1836 γρηγορουσῶν
1326 1801 1358 1834 τῇ
1374 1799 1463 1826 αὐτῶν
1478 1800 1568 1835 χάριτι
1582 1800 1627 1826 καὶ
1642 1799 1789 1834 χωρουσῶν

992 1848 1021 1881 ἐξ
1038 1847 1135 1881 ὀλίγων
1159 1847 1215 1873 τῶν
1241 1846 1492 1881 συ·,’γεγραμμε’νων
1517 1846 1642 1872 δύνανται
1668 1846 1702 1872 τὰ
1728 1855 1790 1881 νοη-

993 1893 1074 1920 θέντα
1090 1893 1159 1920 εἶναι
1185 1893 1298 1928 μεγάλα.
1318 1892 1411 1919 Ταῦτα
1435 1892 1461 1918 δὲ
1477 1893 1561 1927 χωρὶς
1578 1892 1661 1926 φόὸου
1679 1892 1792 1918 πιστεύ-

993 1949 1060 1976 ομεν
1081 1940 1194 1971 πολλοὺς
1212 1940 1310 1971 αὐτοὺς
1328 1940 1373 1966 καὶ
1391 1940 1501 1975 ἑτέρους
1518 1939 1561 1966 διὰ
1588 1939 1705 1974 Χριστὸν
1723 1939 1791 1965 ὑπο-

996 1986 1179 2022 μεμενηκέναι
1205 1985 1324 2019 ἀγῶνας,
1340 1985 1382 2011 ὅτι
1399 1985 1446 2012 καὶ
1464 1985 1517 2016 ’έως
1542 1983 1590 2010 τοῦ
1608 1984 1655 2010 νῦν
1671 1983 1791 2009 τοσαῦτα

994 2033 1027 2059 δι’
1040 2032 1129 2059 αὐτῶν
1142 2033 1158 2067 ἡ
1171 2031 1230 2057 θεία
1246 2031 1360 2065 δύναμις
1377 2029 1501 2062 καταξιοῖ
1517 2029 1708 2064 φανερωθῆναι
1725 2028 1791 2054 θαυ-

997 2080 1091 2116 μάσια,
1109 2079 1180 2105 ὥστε
1197 2077 1355 2110 ἐξίστασθαι
1373 2078 1478 2108 πάντας
1493 2077 1557 2108 τοὺς
1574 2075 1727 2107 οἰκοῦντας,
1745 2075 1792 2101 καὶ

996 2125 1266 2161 παρατυγχάνοντας.
1288 2123 1408 2150 ’Έπαθον
1425 2122 1469 2150 οὗν
1486 2124 1511 2149 οἱ
1540 2122 1670 2158 μακάριοι
1688 2123 1792 2157 μάρτυ·

960 2171 983 2197 D
999 2180 1044 2207 ρες
1059 2171 1107 2197 τοῦ
1130 2170 1263 2205 Χριστοῦ,
1281 2170 1432 2201 Διονύσιος,
1457 2169 1611 2200 Ῥούστικος
1635 2167 1681 2194 καὶ
1705 2167 1794 2193 Ἐλευ-

1000 2218 1098 2253 θέριος,
1118 2217 1219 2252 ὲὸδὸμῃ
1236 2216 1374 2243 καλανδῶν
1392 2215 1553 2250 ὁκτωὸρίου,
1566 2214 1611 2240 ἐπὶ
1628 2213 1792 2248 Δομετιανοῦ

1001 2263 1147 2298 βασιλέως,
1166 2264 1194 2289 ἐν
1209 2264 1266 2294 τοῖς
1284 2263 1379 2298 μέρεσι
1395 2263 1444 2297 τῆς
1461 2261 1575 2292 Γαλλίας
1597 2260 1642 2286 καὶ
1660 2260 1793 2295 Παρισίας

1001 2310 1115 2341 πόλεως,
1134 2308 1322 2343 βασιλεύοντος
1338 2307 1385 2334 τοῦ
1403 2307 1506 2343 Κυρίου
1522 2306 1600 2342 ἡμῶν
1623 2305 1709 2341 Ἰησοῦ
1727 2306 1794 2341 Χρι-

1001 2355 1064 2382 στοῦ
1083 2356 1140 2390 ἅμα
1156 2355 1203 2381 τοῦ
1221 2355 1328 2390 Πατρὺς
1343 2354 1398 2388 (καὶ
1414 2353 1461 2380 τοῦ
1478 2353 1554 2387 ἁγίου
1572 2351 1729 2387 Πνεύματος
1746 2351 1794 2378 νῦν

1001 2402 1048 2427 καὶ
1066 2401 1108 2427 ἀεὶ
1127 2401 1171 2427 καὶ
1188 2402 1228 2432 εἰς
1243 2401 1306 2432 τοὺς
1321 2400 1422 2428 αἰῶνας
1437 2398 1490 2425 τῶν
1508 2399 1622 2425 αἰώνων.
1641 2399 1730 2434 Ἀμήν
