1860 2961
121 71 174 98 507

511 73 682 101 APPENDtx
701 75 746 101 AD
764 73 880 101 OPERA
903 73 930 100 S.
953 73 1101 101 DlONYSll
1120 74 1364 103 AREOPAGtTAE.

1701 81 1751 109 508

121 132 160 163 di,
178 131 292 158 Domino
306 133 381 159 cruci
397 133 486 164 affixo,
504 134 659 168 perspexit,
675 142 808 161 annorum
825 133 910 161 fuisse
924 139 947 166 Α
962 132 1103 167 Νέρωνος,
1121 134 1345 166 Οὐεσπασιανοῦ,
1363 134 1457 167 Τίτου,
1481 137 1654 172 Δομετιανοῦ.
1672 139 1753 173 Λέγει

121 178 216 213 viginti
235 179 366 213 quinque,
386 178 615 213 quemadmodum
639 188 681 207 me
703 180 792 207 adhuc
813 179 911 214 legisse

120 224 253 254 arbitror,
275 224 315 251 sie
338 228 367 250 ut
382 232 477 251 omnes
492 225 556 251 anni
579 225 680 253 suerint
696 226 805 253 circiter
826 233 911 252 nona-

118 271 204 304 ginta.
220 270 341 297 Meminit
358 271 440 304 hujus
457 272 631 306 relegationis
647 272 816 300 sanctissimi
828 272 910 299 Joan-

119 316 160 342 nis
189 320 215 342 et
240 316 371 351 theologi,
402 317 552 351 imperante
579 318 732 345 Domitiano
752 318 839 345 sactie.
853 318 909 345 lre-

118 369 193 387 umus
219 361 246 387 in
271 362 351 388 tertio
374 366 401 388 ct
422 364 517 396 quinto
533 363 610 389 libris
632 364 760 390 Adversus
786 364 907 390 lum-eses.

116 405 245 432 (Llemens
262 406 326 433 item
341 407 545 435 Alexandrinus
561 409 588 435 in
603 417 635 435 co
648 416 739 443 opere.
757 409 800 435 cui
815 409 910 435 inscri-

116 451 172 484 ptio
186 457 227 479 est
245 461 250 477 :
269 453 334 485 Quis
348 453 417 480 dives
440 464 498 481 cnm
516 457 568 486 sit,
589 456 672 488 possit
693 456 781 482 salvus
793 456 868 489 fieri:
881 455 907 481 in

115 504 170 529 quo
188 497 221 524 de
236 498 288 525 isto
303 500 461 532 praedonum
475 500 695 535 sicariorumque
712 501 836 535 principe
851 501 908 526 vio-

117 542 191 569 lento
205 551 259 569 non
276 552 361 578 pauca
380 545 519 572 edisserit.
535 546 623 580 Atque
643 547 680 572 ita
704 546 750 580 qui
767 554 781 571 a
798 545 907 572 Tiberio

116 589 180 616 anni
193 590 329 622 resident,
349 592 511 626 supplentur
525 600 573 625 per
596 592 811 619 intercurrentes
833 592 907 626 prin—

115 636 189 670 cipes
204 635 300 662 Gaium
317 637 389 669 dico,
406 638 550 664 Claudium
563 658 569 668 ,
591 637 745 669 Neronem,
762 638 907 672 Vespasia-

115 689 192 712 num,
207 681 310 713 Titum,
326 682 522 710 Domitianum.
540 683 612 710 Dicit
629 685 711 719 igitur
725 683 804 710 I'ater
818 684 861 710 liic
876 684 902 710 S.

114 727 365 762 Joanni'l'heologo,
381 729 425 754 ubi
440 730 558 763 primum
573 738 620 764 per
634 730 797 764 scripturam
815 730 905 757 verbis

114 780 175 798 cum
197 772 370 800 salutationis
395 776 552 809 appellarit.
570 776 641 808 Quid
662 777 843 803 admiratione
862 777 904 803 di-

962 177 1027 210 γοῦν
1043 179 1056 204 ὁ
1073 178 1165 213 πατὴρ
1179 179 1246 213 πρὸς
1262 178 1307 204 τὸν
1324 180 1519 217 εὑαγγελιστὴν
1537 183 1612 216 ἅγιον
1627 184 1753 219 Ἰωάννην

960 223 1005 249 τὸν
1022 223 1159 258 θεολόγον,
1183 224 1249 259 μεθὸ
1271 225 1415 260 ἐγγράφως
1432 227 1512 254 αὐτὸν
1537 230 1751 265 προσηγόρευσε·

960 268 992 293 Τί
1018 268 1171 304 θαυμαστὸν
1196 271 1219 295 εί
1244 270 1360 304 Χριστὸς
1384 271 1526 307 ἀληθεύει,
1555 275 1602 300 καὶ
1627 275 1752 302 διώκουσι

959 313 1022 344 τοὺς
1048 315 1140 348 ἁγίους
1161 316 1184 340 οἰ
1211 316 1314 347 ἄδικοι,
1336 316 1418 348 ἀξίως
1442 318 1579 350 ποιοῦντες
1603 320 1682 346 τοῦτο
1707 322 1752 348 καὶ

959 360 1063 391 ἑαυτοῖς
1080 361 1194 392 καὶτοῖς
1212 361 1313 395 ἁγίοις;
1338 363 1442 393 ἑαυτοῖς
1465 364 1513 398 μὲν
1525 383 1532 395 ,
1549 365 1590 390 ὅτι
1614 367 1663 392 οὐκ
1684 367 1752 399 ἄξιοί

959 405 1010 430 εἰσι
1026 405 1075 440 τῆς
1092 407 1180 432 αὐτῶν
1198 407 1321 441 ὁμιλίας·
1346 409 1402 438 τοῖς
1425 408 1512 441 ἁγίοις
1533 409 1576 441 δὲ,
1592 411 1632 436 ὅτι
1650 411 1752 445 φυλάσ-

960 449 1051 476 σεσθαι
1070 451 1175 477 ποιοῦσι
1192 452 1225 478 τὰ
1238 452 1302 485 ἅγια
1315 453 1436 487 ἅχραντα
1454 454 1507 479 ἀπὸ
1523 455 1573 489 τῆς
1589 456 1677 482 αὐτῶν
1696 466 1752 483 κοι-

958 496 1064 527 νωνίας.
1083 498 1173 523 Ταῦτα
1190 498 1222 524 τὰ
1246 498 1330 533 ὁρατὰ
1353 499 1455 531 εἰκόνες
1472 501 1524 526 εἰσὶ
1540 501 1592 527 τῶν
1610 502 1731 537 ἀοράτων
1743 524 1750 535 ,

958 541 1003 566 καὶ
1034 543 1111 578 εἴπερ
1140 545 1168 569 ἐν
1191 544 1229 578 τῷ
1254 544 1316 579 θείῳ
1340 545 1495 581 Ευαγγελίῳ
1521 547 1670 583 ἀκούομεν,
1698 550 1752 575 Καὶ

956 587 1071 621 despite?
1084 590 1194 622 αὐτοὺς
1211 591 1260 616 ἀπ’
1278 591 1432 623 ἀλλήλων,
1451 593 1480 618 οὐ
1500 594 1551 628 χρὴ
1569 593 1672 620 οἴεσθαι
1689 595 1752 621 ὅτιὸ

956 632 1022 664 Θεὸς
1038 634 1124 666 αἴτιός
1139 637 1195 661 ἐστι
1212 635 1259 662 τοῦ
1276 637 1428 671 ἀφορισμοῦ
1442 639 1497 669 τοῖς
1516 639 1752 675 ἁμαρτωλοῖς,τῆς

956 682 984 706 ἐν
1001 681 1132 717 ἀριστερᾷ
1150 684 1280 714 στάσεως·
1300 683 1357 713 ἀλλ’
1372 685 1447 710 αὐτοὶ
1465 686 1570 717 ἑαυτοῖς
1593 687 1672 713 αἴτιοι
1690 689 1750 714 τού-

954 735 1007 752 των
1032 729 1055 753 οἱ
1082 729 1256 764 ἁμαρτωλοὶ,
1282 730 1420 762 παντελῶς
1443 733 1555 764 ἑαυτοὺς
1572 734 1752 768 ἀφορίσαντες

954 773 1000 798 τοῦ
1026 773 1109 799 Θεοῦ·
1135 775 1230 810 ὥσπερ
1255 777 1302 802 καὶ
1325 777 1420 809 ἄλλους
1445 779 1552 813 ὁρῶμεν
1576 780 1612 810 ὡς
1635 781 1751 815 ἐραστὰς

114 825 213 850 gnum,
237 819 260 844 si
279 818 415 851 Christus,
431 821 503 855 quod
522 830 616 849 verum
639 826 681 849 est
702 823 859 857 eloquitur:
878 826 904 849 et
920 817 940 843 Β
955 817 1009 844 τῶν
1031 819 1120 844 καλῶν
1147 820 1214 854 μῑῗὰ
1241 821 1307 846 Θῑῦῦ
1339 823 1494 857 Τίνῡμένθυς
1507 844 1513 854 ι
1537 825 1561 850 Οἳ
1581 825 1612 860 δὴ
1640 826 1685 851 καὶ
1715 827 1748 852 ἐκ

114 869 316 899 persequuntur
331 866 417 900 iniqui
435 869 564 895 sanctos?
582 869 616 894 At
627 869 654 894 hi
671 869 769 904 seipsis
781 877 905 904 peraeque

112 917 144 936 ac
171 912 275 938 sanctis
300 912 381 947 digna
408 919 516 948 gerunt.
542 914 646 949 Seipsis
675 915 804 949 quidem,
832 916 903 950 quod

112 961 271 983 sauctorum
297 966 475 993 congressum
500 968 614 994 prorsus
631 961 685 988 sint
700 961 821 996 indigni;
844 970 904 987 san-

111 1001 163 1028 ctis
181 1007 283 1034 autem,
296 1005 368 1038 quod
386 1005 436 1031 hac
462 1006 566 1032 ratione
588 1006 764 1040 provideatur
786 1012 824 1038 ut,
844 1015 903 1041 quae

109 1053 202 1074 sancta
221 1054 301 1078 sunt.
327 1050 488 1078 intemerata
512 1056 655 1079 serventur
672 1055 704 1079 ab
723 1053 831 1079 illorum
857 1053 904 1079 im—

109 1102 177 1128 pura
199 1098 401 1126 coinmuuione.
429 1099 524 1125 lstluec
539 1100 611 1125 enim
630 1100 746 1126 risibilia
770 1100 902 1134 imagines

109 1149 247 1175 expressae
264 1148 327 1169 sunt
345 1144 534 1172 invisibilium.
553 1145 665 1173 Etiamsi
683 1147 708 1172 in
725 1152 902 1173 sacrosancto

109 1186 256 1222 Evangelio
276 1190 386 1216 recitari
411 1191 557 1218 audiamus
574 1202 580 1218 ;
607 1191 641 1218 Et
657 1193 789 1225 separabit
810 1201 852 1219 eos
869 1193 900 1219 ab

110 1234 221 1261 invicem
233 1235 268 1261 ¹¹:
296 1244 349 1262 non
371 1238 502 1264 continuo
520 1238 595 1265 credi
621 1239 700 1265 debet
725 1239 795 1266 Deus
822 1239 901 1267 istius

109 1285 205 1307 auctor
230 1290 290 1309 esse
316 1284 498 1317 separationis
524 1293 538 1311 a
567 1286 770 1320 peccatoribus,
798 1287 842 1321 qui
867 1286 900 1313 ad

109 1326 252 1353 sinistram
270 1329 456 1355 constituendi
473 1334 536 1356 sunt
553 1340 559 1356 :
576 1331 669 1358 verius
689 1332 714 1358 hi
732 1332 782 1359 sibi
807 1337 900 1359 aucto-

109 1379 153 1398 res
171 1376 235 1398 sunt
247 1373 307 1406 ejus
322 1375 386 1400 mali
407 1381 564 1409 peccatores
576 1396 583 1407 ,
606 1377 705 1411 quippe
724 1378 769 1411 qui
795 1378 899 1412 seipsos

108 1424 222 1451 prorsus
249 1418 366 1446 ultronei
399 1425 608 1454 sequestrarunt
636 1430 650 1448 a
675 1421 722 1449 Dei
746 1424 897 1450 consortio.

107 1462 342 1495 Quemadmodum
358 1466 409 1499 ipsi
427 1466 494 1492 alios
512 1467 710 1501 perspicimus,
727 1468 798 1502 quod
821 1469 898 1502 probi
913 1486 933 1513 C

108 1509 164 1535 sint
175 1513 312 1536 amatores
327 1518 418 1536 rerum
435 1519 483 1545 per
498 1520 526 1537 se
544 1512 736 1542 honestarum.
755 1512 808 1539 Deo
823 1513 899 1539 fami-

107 1555 202 1581 liarius
219 1555 314 1590 jungi:
337 1556 448 1590 jamque
465 1558 543 1592 291
561 1566 593 1584 ex
615 1559 743 1592 praesenti
761 1560 897 1593 primitias

107 1598 240 1632 quasdam
268 1604 404 1626 secuturae
425 1609 487 1627 mox
512 1603 572 1628 ritae
589 1610 772 1637 praecerpere3
797 1608 825 1630 ut
851 1605 897 1639 qui

107 1644 178 1671 inter
201 1645 326 1672 homines
346 1646 378 1673 ad
400 1647 528 1681 angelica}
551 1650 769 1676 conversationis
799 1650 897 1684 imagi-

107 1698 168 1717 nem
194 1699 259 1717 suos
287 1692 337 1726 ipsi
365 1701 455 1720 mores
487 1694 615 1721 decenter
641 1701 808 1730 componunt
834 1705 896 1723 cum

106 1737 180 1763 omni
193 1737 278 1764 divini
294 1739 413 1765 nominis
430 1740 618 1767 obsecratione
638 1745 664 1767 et
680 1743 835 1769 sanctitate.
849 1743 895 1769 Dei

106 1784 214 1817 quidem
229 1783 476 1812 denominationem
493 1794 525 1813 eo
540 1786 645 1813 inducit
660 1787 740 1813 Pater
751 1788 808 1815 sive
823 1788 894 1823 quod

107 1830 229 1857 actiones
247 1839 312 1858 suas
327 1839 422 1859 omnes
439 1832 466 1858 in
491 1832 538 1859 Dei
559 1841 666 1867 semper
688 1834 799 1861 nomine
822 1843 896 1869 pera-

106 1880 187 1909 gant;
203 1880 249 1902 aut
266 1877 329 1911 quia
344 1886 357 1903 a
371 1878 436 1909 Deo,
452 1879 581 1906 nimirum
603 1880 725 1912 Christo,
743 1882 897 1908 nomencla-

107 1926 195 1948 turam
213 1924 313 1954 sortiss,
328 1923 430 1951 Christi
447 1925 529 1951 vitam
552 1926 634 1960 digna
657 1927 813 1961 exprimunt
829 1936 896 1954 con-

106 1968 269 1995 versatione.
287 1968 345 1995 ‚Iam
364 1974 389 1996 te
407 1970 518 2004 quidem
545 1979 685 2005 nunquam
707 1972 823 1999 dixerim
840 1974 895 2000 ulla

107 2014 175 2040 allici
192 2015 338 2048 passione3
356 2017 402 2043 sed
419 2020 446 2042 et
463 2017 485 2043 si
501 2017 565 2052 quid
580 2018 688 2044 interim
710 2018 821 2045 alllictat
833 2027 897 2046 cor-

107 2068 194 2093 porea}
209 2061 362 2094 passionis,
380 2067 494 2088 eatenus
509 2064 563 2096 pati
581 2067 607 2089 te
625 2065 792 2097 censuerim,
805 2070 895 2100 quate-

107 2114 169 2135 nus,
189 2114 324 2140 sensuque
342 2107 400 2141 ipso
416 2109 534 2142 percipis
550 2109 683 2140 dolorem,
694 2114 721 2136 ut
735 2118 769 2136 ne
783 2119 894 2138 maneas

107 2152 293 2179 incoronatus.
312 2152 430 2179 Proinde
452 2162 504 2180 non
526 2154 626 2188 injuria
652 2155 706 2182 illis
730 2164 891 2189 succenseo,

105 2197 150 2228 qui
175 2205 203 2224 se
221 2198 362 2224 confidunt
385 2206 465 2232 posse
481 2203 517 2230 te,
541 2200 792 2234 splendidissimum
807 2202 891 2229 solem

106 2242 243 2277 Evangelii
260 2243 286 2269 111
310 2243 435 2270 exsilium
457 2245 638 2278 proscribere.
663 2246 690 2272 ln
708 2247 779 2274 votis
795 2247 893 2274 nihilo-

105 2288 209 2321 miuus,
233 2293 262 2315 ut
283 2290 325 2316 vel
341 2289 367 2316 hi
390 2290 498 2317 deinum
515 2291 548 2317 ad
565 2287 684 2318 sobriam
710 2297 736 2319 et
752 2293 891 2319 meliorem

105 2338 221 2361 mentem
245 2335 370 2367 redeant,
387 2341 411 2363 et
429 2336 461 2362 ad
479 2341 504 2363 te
523 2341 669 2364 accurrant
683 2338 760 2365 ocius
775 2348 781 2365 :
801 2344 829 2365 ut
845 2344 891 2366 tuo

105 2380 247 2412 splendore
261 2381 400 2412 illustrati,
415 2386 524 2409 :eternae
539 2383 636 2410 salutis
652 2384 718 2410 siant
734 2385 889 2419 participes.

104 2424 339 2455 Quemadmodum
363 2427 434 2453 enim
462 2427 484 2453 is
509 2428 624 2454 insaniae
647 2429 743 2455 morbo
770 2431 891 2464 percitus

104 2469 226 2496 creditur
241 2472 287 2505 qui
310 2480 338 2499 se
362 2477 437 2506 putat
457 2474 541 2499 solem
559 2474 632 2500 hunc
655 2475 795 2502 includere
811 2483 891 2510 posse

104 2515 156 2541 loci
172 2517 326 2551 cujuspiam
343 2520 475 2554 angustiis
492 2529 498 2547 ε

953 863 1004 899 τῆς
1020 864 1158 900 παρούσης
1174 866 1245 901 ζωῆς
1259 867 1308 901 τῆς
1325 867 1473 904 μελλούσης
1490 870 1676 905 ἀπάρχονται,
1697 871 1746 905 ἀγ-

956 910 1132 946 γελοπρεπώς
1149 914 1176 938 ἐν
1195 913 1269 948 μέσῳ
1289 914 1342 940 τῶν
1364 914 1449 940 ἄλλων
1467 916 1616 951 ἀνθρώπων
1641 918 1751 952 ἐμπολι-

955 957 1094 991 τευόμενοι
1114 958 1162 984 σὺν
1181 959 1254 995 πάσῃ
1272 960 1409 996 θεωνυμίᾳ
1425 963 1470 987 καὶ
1488 963 1621 998 ἁγιότητι.
1646 965 1751 990 Θεωνυ-

956 1002 1019 1036 μίαν
1038 1002 1065 1028 δὲ
1081 1003 1153 1037 λέγει
1169 1004 1183 1038 ἣ
1200 1004 1229 1030 τὸ
1248 1005 1362 1031 πάντοτε
1378 1007 1406 1032 ἐν
1423 1007 1462 1041 τῷ
1478 1007 1589 1042 ὀνόματι
1614 1009 1659 1034 τοῦ
1683 1010 1749 1036 Θεοῦ

955 1048 1042 1074 πάντα
1061 1049 1190 1084 πράττειν
1203 1051 1320 1082 αὐτούς·
1340 1052 1355 1086 ἣ
1373 1052 1402 1078 τὸ
1421 1053 1473 1078 ἀπὸ
1499 1054 1544 1079 τοῦ
1562 1055 1628 1080 Θεοῦ
1642 1075 1648 1085 ,
1667 1056 1749 1090 ἤγουν

954 1092 999 1118 τοῦ
1015 1094 1131 1128 Χριστοῦ
1143 1095 1367 1130 ὀνομαζομένους,
1380 1097 1439 1122 κατ’
1451 1097 1534 1123 αὐτὸν
1550 1099 1748 1127 πολιτεύεσθαι.

960 1138 1045 1173 Ὑμᾶς
1063 1138 1108 1165 οὖν
1126 1140 1174 1166 οὐκ
1192 1140 1224 1166 ἅν
1243 1150 1306 1166 ποτε
1333 1141 1438 1176 εἴποιμι
1464 1143 1595 1178 πάσχειν,
1614 1144 1680 1170 ἀλλὰ
1703 1146 1749 1170 καὶ

953 1185 1018 1211 εἴτι
1035 1185 1067 1211 ἂν
1087 1186 1213 1220 πάσχοιτε
1239 1188 1410 1221 σωματικὸν,
1436 1190 1506 1216 κατὰ
1531 1190 1657 1216 τοσοῦτον
1678 1191 1749 1224 λέγω

953 1231 1066 1265 πάσχειν
1089 1232 1174 1266 ὑμᾶς,
1198 1232 1312 1258 καθόσον
1332 1233 1483 1269 διακρίνετε
1507 1236 1552 1261 καὶ
1574 1235 1746 1267 αἰσθάνεσθε,

953 1277 996 1302 ἵνα
1022 1277 1058 1312 μὴ
1076 1278 1261 1311 ἀστεφάνωτοι
1284 1280 1403 1315 μείνητε.
1423 1281 1572 1316 Μέμιρομαι
1589 1282 1615 1308 δὲ
1639 1283 1748 1313 δικαίως

951 1323 1013 1354 τοὺς
1030 1323 1188 1358 νομίζοντας
1204 1333 1233 1349 σε
1251 1325 1296 1350 τὸν
1316 1325 1362 1351 τοῦ
1380 1327 1546 1361 Ευαγγελίου
1562 1327 1636 1362 ἥλιον
1654 1337 1747 1363 περιο-

953 1369 1047 1404 ρίζειν.
1066 1369 1188 1405 Εὔχομαι
1206 1371 1232 1397 δὲ
1248 1372 1323 1406 ὅμως
1346 1373 1480 1408 ἀνανῆψαι
1498 1374 1544 1400 καὶ
1562 1375 1747 1410 προσδραμεῖν

953 1424 1004 1446 σοι,
1021 1416 1063 1442 ἰ’να
1081 1417 1259 1451 φωτισθέντες
1278 1418 1400 1445 σωθῶσιν
1412 1428 1418 1434 ·
1436 1420 1530 1455 ὥσπερ
1554 1421 1607 1456 γάρ
1627 1422 1747 1457 μέμηνεν

951 1462 964 1487 ὁ
978 1462 1100 1497 οἰόμενος
1125 1463 1170 1489 τὸν
1193 1464 1267 1498 ἥλιον
1290 1465 1382 1491 τοῦτον
1409 1467 1573 1501 περικλείειν
1597 1469 1625 1493 ὲν
1652 1469 1724 1503 τόπῳ
1738 1489 1744 1499 ,

951 1506 1020 1532 οὕτω
1036 1508 1082 1533 καὶ
1095 1504 1168 1533 οὗτοι
1185 1510 1320 1544 μεμήνασι
1341 1510 1495 1544 νομίζοντες
1516 1511 1545 1536 τὸ
1563 1512 1619 1544 φῶς
1636 1513 1681 1538 τοῦ
1700 1514 1746 1539 Εὐ-

950 1552 1075 1585 αγγελίου
1100 1554 1267 1589 περιορίζειν
1291 1555 1338 1580 σὺν
1366 1555 1407 1580 σοὶ
1431 1557 1460 1581 ὲν
1492 1556 1594 1591 Πάτμῳ
1610 1559 1641 1592 τῇ
1661 1559 1744 1593 νήσῳ.

955 1598 1044 1633 Ἦμᾶς
1062 1600 1089 1625 δὲ
1119 1600 1178 1626 οὐδὲ
1196 1601 1225 1626 τὸ
1241 1601 1370 1632 ἐναντίον,
1389 1602 1509 1628 τουτέστι
1526 1603 1555 1629 τὺ
1576 1605 1621 1630 καὶ
1637 1607 1745 1640 πορρω-

948 1644 1019 1679 τέρω
1036 1645 1184 1679 ἀφεστάναι
1204 1646 1267 1681 (19),
1276 1648 1401 1682 στερήσει
1422 1648 1469 1673 τοῦ
1493 1648 1539 1674 σοῦ
1564 1651 1662 1683 φωτός·
1687 1650 1743 1677 ἀλλ’

949 1691 976 1717 ὲν
995 1692 1043 1726 μὲν
1060 1692 1098 1726 τῷ
1115 1693 1224 1718 ἁπεῐναί
1251 1702 1279 1719 σε
1290 1714 1297 1725 ,
1324 1694 1353 1720 τὸ
1378 1694 1422 1721 σὺν
1440 1695 1604 1729 Εὐαγγέλιον
1619 1698 1743 1731 ἀναγνω-

949 1738 1060 1772 σομεθα,
1077 1738 1145 1772 ὅπερ
1164 1739 1274 1774 μνήμην
1290 1740 1339 1774 τῆς
1355 1739 1471 1774 ἀληθοῦς
1498 1742 1580 1767 αὐτοῦ
1605 1742 1744 1776 θεολογίας

948 1784 1099 1815 εὐθυῧόλως
1112 1784 1248 1819 ὀνομάζει.
1268 1786 1346 1812 Μετὰ
1364 1786 1449 1822 βραχὺ
1467 1788 1493 1813 δὲ
1505 1809 1512 1819 ,
1527 1789 1570 1814 ὅτε
1588 1789 1751 1824 ἀνακληθῇς,

948 1829 1017 1855 κατὰ
1037 1829 1182 1864 πρόσωπον
1198 1830 1322 1865 ἀλλήλοις
1333 1831 1521 1866 ἐντευξόμεθα·
1541 1833 1554 1858 ὃ
1570 1833 1616 1859 καὶ
1633 1833 1669 1864 ὡς
1680 1834 1743 1859 ἀπο-

948 1876 1094 1910 καλυφθεὶς
1111 1878 1142 1902 ἐκ
1163 1876 1228 1902 Θεοῦ
1246 1878 1418 1912 προφητεύω,
1436 1879 1476 1904 ὅτι
1492 1879 1557 1905 εἴσω
1574 1879 1741 1914 βραχυτάτου

948 1923 1045 1957 χρόνου
1063 1922 1239 1958 ἀνακληθήσῃ
1257 1923 1306 1957 τῆς
1319 1923 1437 1959 ὲξορίας.
1456 1925 1522 1960 Περὶ
1539 1925 1592 1960 γὰρ
1609 1926 1638 1951 τὸ
1653 1926 1742 1953 τελευ-

947 1971 1020 1995 ταῖον
1037 1969 1095 2000 ἐ’τος
1109 1969 1159 2003 τῆς
1173 1969 1336 2003 Δομετιανοῦ
1358 1970 1495 2004 βασιλείας
1512 1972 1539 1997 ἐν
1562 1972 1664 2007 Πάτμῳ
1680 1974 1742 2006 ἐφυ-

948 2016 1075 2050 γαδεύθη,
1093 2015 1211 2049 διωγμὸν
1233 2016 1394 2050 κινήσαντος
1417 2017 1463 2042 τοῦ
1482 2018 1655 2052 Δομετιανοῦ.
1676 2017 1741 2045 Εἶτα

947 2063 1011 2097 περὶ
1024 2063 1072 2097 τὴν
1087 2062 1214 2097 τελευτὴν
1230 2062 1311 2088 αὑτοῦ
1327 2063 1373 2088 τοῦ
1390 2063 1530 2098 βασιλέως,
1544 2065 1595 2100 ὁρᾷ
1610 2065 1658 2100 τὴν
1666 2066 1740 2092 θείαν

947 2108 1124 2142 ἀποκάλυψιν.
1142 2108 1195 2132 Καὶ
1213 2107 1279 2142 μετὰ
1291 2108 1376 2134 ταῦτα
1392 2109 1526 2143 βασιλεύει
1544 2111 1675 2145 Νερούας·
1694 2112 1740 2137 καὶ

910 2156 931 2182 D
946 2155 1025 2185 εὐθὺς
1041 2154 1214 2180 ἀνακαλεῖται
1224 2155 1328 2185 πάντας
1337 2156 1398 2186 τοὺς
1407 2154 1603 2190 ὲξορισθέντας,
1615 2158 1657 2183 ὅτε
1671 2159 1716 2183 καὶ
1726 2159 1739 2184 ὁ

947 2200 1024 2234 ἅγιος
1046 2200 1171 2234 Ἰωάννης
1192 2201 1205 2225 ὁ
1232 2199 1355 2233 θεολογος
1378 2201 1527 2236 ἐπανῆλθεν
1555 2203 1594 2233 εἰς
1615 2203 1737 2236 Ἔφεσον.

947 2249 991 2273 Δεῖ
1007 2247 1033 2272 δὲ
1050 2246 1193 2280 γινώσκειν
1217 2247 1256 2272 ὅτι
1275 2248 1291 2282 ἡ
1318 2248 1364 2273 ἐπὶ
1380 2247 1428 2282 τὴν
1453 2248 1533 2282 νῆσον
1555 2248 1645 2283 effipia
1663 2249 1737 2284 παρὰ

953 2294 1097 2327 Ῥωμαίοις
1112 2293 1260 2327 κεφαλικὴν
1274 2293 1407 2327 τιμωρίαν
1423 2294 1554 2327 ἐμιμεῖτο
1570 2294 1615 2319 καὶ
1632 2293 1737 2327 λέγεται

946 2339 1154 2371 δεπυρτιιτίωιν.
1169 2339 1222 2364 Καὶ
1239 2339 1268 2364 οὐ
1287 2338 1396 2364 δύναται
1406 2339 1419 2363 ὁ
1434 2338 1523 2373 ἅρχων
1530 2338 1578 2373 τὴν
1593 2339 1672 2373 νῆσον
1686 2340 1735 2365 ὀνο·

947 2384 1052 2419 μάζειν,
1070 2386 1093 2410 εἰ
1117 2385 1152 2420 μὴ
1173 2386 1187 2411 ὁ
1207 2384 1332 2419 βασιλεὺς
1350 2385 1438 2419 μόνος.
1459 2385 1486 2410 Ὀ
1503 2385 1567 2418 γοῦν
1588 2386 1736 2419 άγιὼτατος

945 2430 1090 2460 ἀπόστολος
1117 2430 1162 2456 καὶ
1192 2429 1384 2463 εὐαγγελιστὴς
1417 2429 1542 2465 Ἰωάννης
1569 2431 1582 2456 ὁ
1614 2431 1736 2465 θεολόγος

945 2475 1125 2508 &mosia-‘troc
1138 2476 1254 2509 ἐγένετο,
1272 2476 1353 2510 ἤγουν
1367 2475 1406 2506 εἰς
1423 2475 1502 2510 νῆσον
1518 2475 1664 2511 ἐξόριστος.

530 2520 601 2546 haud
626 2528 705 2548 secus
735 2521 772 2547 illi
793 2523 857 2549 milii
881 2522 1002 2549 insanire
1031 2522 1176 2553 videntur,
1207 2521 1254 2555 qui
1279 2521 1504 2548 micantissimam
1537 2522 1674 2557 Evangelii
1695 2522 1721 2548 lu

103 2569 162 2589 rem
188 2564 356 2591 arbitrantur
381 2574 410 2593 se
436 2575 516 2601 posse
545 2572 633 2595 tecum
660 2569 731 2595 intra
765 2570 901 2597 cancellos
935 2569 1022 2596 Patmi
1056 2570 1153 2596 insula)
1181 2568 1417 2596 circumscribere.
1442 2567 1496 2594 Nos
1526 2572 1616 2594 autem
1647 2576 1734 2603 neque

104 2610 287 2642 contrarium,
307 2611 357 2638 hoc
374 2618 432 2643 est,
450 2614 611 2648 longissimo
634 2616 697 2642 licet
714 2615 862 2642 interstitio
878 2624 892 2642 a
919 2615 999 2642 nobis
1024 2616 1188 2650 sejungaris,
1215 2615 1324 2649 privare
1349 2614 1448 2648 poterit
1472 2618 1524 2640 tua:
1556 2614 1659 2648 fulgore
1691 2621 1734 2639 sa-

105 2655 234 2689 pientize:
257 2656 321 2690 quin
346 2657 457 2684 ahsente
480 2660 629 2687 etiamnum
656 2665 691 2693 te,
716 2667 791 2687 tuum
820 2661 997 2688 nihilominus
1028 2661 1175 2688 identidem
1199 2660 1375 2687 recitabimus
1402 2659 1593 2693 Evangelium.
1623 2659 1655 2685 Et
1681 2659 1732 2686 hoc

105 2700 225 2734 profecto
254 2702 411 2728 memoriam
443 2705 591 2733 rei-issima.¹
627 2706 713 2740 ipsius
743 2707 884 2742 theologiae
921 2707 990 2735 scite
1024 2706 1169 2734 admodum
1197 2705 1319 2733 nominat
1368 2704 1433 2732 Post
1465 2712 1529 2732 rero
1562 2705 1730 2740 aliquantum

141 2791 153 2809 ‘³
178 2791 269 2818 nauti.
294 2800 354 2817 xxx.
372 2793 414 2818 32.
