1860 2961
116 118 164 144 3¹¹

490 114 662 142 APPENblx
678 114 722 140 Ab
735 114 848 142 OPERA
870 114 897 140 S.
919 112 1067 140 DlONYSll
1089 109 1332 139 AREOPAGITAE.

1686 108 1738 136 512

153 174 186 200 Et
200 182 290 200 sensus
305 174 475 207 participant.
499 172 634 205 Quoniam
648 173 729 208 paulo
744 176 806 199 ante
823 172 896 199 visus
912 172 936 201 Α
984 170 1037 196 Καὶ
1063 169 1229 202 αἰσθήσεως
1243 167 1470 203 μετειληφότων.
1501 166 1607 201 Ἐπειδὴ
1624 166 1676 201 πρὸ
1693 174 1738 200 μι-

115 223 158 246 est
173 220 265 246 dicere
280 239 287 251 ‚
303 219 403 245 bonum
416 225 477 245 esse
492 218 644 252 subjectum
658 237 665 250 ,
686 225 748 244 cum
763 217 830 244 dixit
845 225 900 244 esse

114 265 172 299 ejus
187 264 254 299 quod
266 269 304 291 est
318 272 438 296 causam,
453 267 480 291 et
492 263 527 290 ita
538 263 677 298 deinceps,
694 271 727 290 ne
738 263 783 298 qui
798 263 900 297 absque

115 311 256 337 intellectu
271 311 390 345 legerent
403 309 577 337 occasionem
592 309 723 344 arguendi
738 308 898 343 reperirent,

115 357 170 384 ait:
186 356 247 383 Non
269 361 355 382 nutem
371 355 443 382 aliud
459 364 514 382 esse
527 355 621 382 bonum
634 376 641 388 ,
658 360 682 382 et
704 354 777 382 aliud
790 354 816 381 id
831 354 899 389 quod

114 407 164 430 est.
179 403 267 437 Atque
281 403 378 429 iterum
389 423 396 435 ,
413 402 487 429 aliud
503 402 605 434 vitam;
620 409 701 436 quam
716 401 877 435 sapientiam
890 420 898 432 ,

116 457 198 476 unam
212 448 346 484 siquidem
361 448 483 475 omnium
498 456 559 476 esse
573 455 683 474 causam
695 468 702 479 ‚
719 451 745 473 et
761 454 815 473 non
830 446 900 472 mul-

115 498 170 526 tas,
186 498 267 529 atque
280 494 378 522 merito
391 502 471 521 unam
483 494 613 521 Deitatem
625 501 685 528 quse
697 493 823 520 universa
837 500 900 527 pro-

114 539 201 570 duxit,
219 543 342 565 sanctam
355 546 406 566 nec
418 547 474 565 non
489 539 595 566 beatam
610 538 770 564 Trinitatem
784 557 791 569 ,
807 540 834 564 et
849 538 901 563 mi-

113 587 187 613 nime
200 586 298 613 multas
312 585 469 613 divinitates
485 585 652 617 creatrices;
669 584 720 610 boc
737 587 826 610 autem
844 591 899 611 non

114 638 316 666 supervacanee
330 631 414 662 dixit,
432 632 478 658 scd
495 630 604 658 Graecos
631 631 768 665 stringens
790 630 899 665 sapien-

114 681 155 704 tes
176 681 202 704 et
226 677 369 704 baercticos
393 676 513 704 Simonis
538 680 688 704 sectatores
700 696 708 708 ,
733 676 780 711 qui
805 675 900 703 dicunt

117 723 183 751 deos
203 724 297 750 mundi
322 723 501 750 fabricatores
515 743 522 755 ,
537 727 639 758 quanto
656 722 799 750 inferiores
817 727 898 755 sunt,

112 776 188 798 tanto
215 778 322 805 quoqne
351 770 517 796 infirmiores
553 769 706 804 producere
736 774 876 796 creaturas
891 788 898 801 ,

113 817 196 844 ctiam
212 824 299 851 usque
315 816 347 843 ad
365 816 486 843 omniun}
503 815 709 843 fundamentum
722 836 729 848 ,
755 818 785 842 ut
800 815 877 842 aiunt
891 835 897 847 ‚

113 862 139 888 id
155 866 197 888 est
212 862 363 889 materiam.

149 907 181 933 Et
194 907 261 933 hauc
276 907 379 941 quidem
390 916 456 935 esse.
473 907 539 934 Boni
551 907 760 942 appellationem
773 906 899 941 persectae

111 954 223 980 omnino
247 953 424 988 providentia:
448 953 664 986 declarativam,
682 953 719 979 ait
734 960 812 985 esse;
834 952 899 979 reli-

111 1008 180 1034 quas
199 1008 262 1027 vero
279 1000 470 1035 particulares,
488 1003 517 1025 ut
533 1000 617 1026 vitam
640 1003 666 1026 et
688 998 850 1033 sapientiam
873 1002 899 1025 et

111 1047 263 1080 rationem;
283 1055 345 1073 nam
361 1055 405 1073 res
419 1053 514 1073 omnes
536 1053 584 1081 per
601 1045 649 1072 Dei
670 1045 819 1072 bonitatem
836 1053 899 1080 pro-

111 1092 199 1119 ductae
215 1098 278 1120 sunt
292 1096 320 1119 ut
335 1093 510 1124 exsisterent,
531 1095 649 1126 suntque
664 1091 741 1118 bonae
757 1099 805 1118 seu
821 1091 899 1118 valde

111 1139 206 1171 bonae3
223 1146 277 1166 non
293 1143 383 1166 autem
397 1146 491 1165 omnes
510 1138 594 1165 vitam
609 1142 656 1164 aut
675 1137 836 1172 sapientiam
853 1140 900 1164 aut

111 1186 244 1212 rationem
264 1185 566 1220 participant‚ideoque
581 1184 717 1219 ejusmodi
741 1183 900 1218 appellatio-

111 1240 161 1258 nes
191 1231 224 1258 ad
254 1231 381 1266 perlecta}
411 1230 616 1259 distinctionem
649 1229 750 1264 posuit.
787 1229 899 1256 Ὁλικω-

109 1279 191 1314 τέρας
207 1286 272 1305 vero
288 1286 335 1305 seu
360 1278 545 1313 generaliores
560 1281 640 1303 vocat
655 1284 701 1304 eas
717 1284 777 1311 quae
793 1276 819 1302 in
837 1276 898 1310 plu-

110 1324 186 1350 ribus
201 1328 361 1356 cernuntur,
379 1327 407 1350 ut
419 1323 517 1355 vitam;
535 1323 658 1357 pervenit
674 1323 746 1349 enim
762 1330 849 1357 usque
865 1322 899 1349 ad

110 1369 218 1404 plantas
234 1372 260 1396 et
273 1369 401 1395 animalia
416 1368 561 1395 rationalia
575 1366 744 1402 ratiOnisque
758 1368 896 1403 expertia:

110 1416 244 1449 sapientia
269 1420 358 1442 autem
382 1418 408 1442 et
429 1415 499 1441 ratio
519 1415 698 1449 particulare's
714 1414 817 1449 magis3
835 1421 898 1440 nam

110 1460 152 1488 11ae
168 1461 195 1486 in
213 1461 279 1488 solis
295 1461 410 1488 rationis
431 1460 610 1495 participibus
625 1460 844 1494 conspiciuntur.

147 1506 159 1541 ἓ
178 1506 220 1533 lll.
237 1508 275 1534 Ac
290 1507 349 1533 vitoe
368 1507 536 1540 sapientiam.
561 1506 629 1532 Cum
652 1506 732 1540 paulo
754 1505 898 1532 obscurior

111 1553 147 1579 sit
162 1560 261 1585 sermo,
279 1553 398 1579 arbitror
413 1553 495 1579 talem
516 1552 657 1579 insinuare
673 1551 853 1584 sententiam,
869 1555 898 1577 ut

111 1597 202 1631 aliquo
215 1599 356 1626 dubitante
368 1607 399 1626 ac
407 1599 530 1626 dicente:
546 1592 612 1630 Cur,
629 1598 740 1625 nomine
751 1597 837 1632 ipsius
851 1597 897 1623 τοῦ

110 1645 186 1676 ὄντος
203 1653 249 1672 seu
272 1646 337 1672 entis
363 1649 509 1680 superante
534 1646 594 1671 viloe
617 1643 826 1679 appellationem
840 1662 847 1674 ,
872 1646 899 1670 et

110 1699 207 1718 rursus
220 1692 329 1718 nomine
343 1691 404 1718 vitae
416 1694 558 1726 praestante
571 1690 719 1724 sapientiae,
734 1689 805 1715 sicut
816 1688 898 1715 etiam

110 1738 178 1765 ordo
202 1738 260 1772 ipse
283 1738 335 1764 hoc
360 1737 499 1771 postulat,
527 1735 757 1770 quemadmodum
785 1734 898 1768 ipsemet

111 1784 191 1818 paulo
207 1788 270 1810 ante
286 1783 434 1810 declaravit
448 1782 563 1809 dicendo
574 1802 581 1813 ,
603 1785 629 1808 et
650 1789 698 1808 ens
720 1784 746 1807 ct
759 1780 842 1807 vitam
852 1800 858 1811 ,
872 1783 898 1806 et

110 1831 271 1864 sapientiam
284 1829 410 1856 essentiae
423 1828 597 1860 effectricem,
612 1831 638 1854 et
649 1827 710 1853 vitae
722 1826 896 1856 effectricem,

110 1882 135 1903 ct
151 1877 291 1910 sapientiae
307 1876 449 1907 datricem,
464 1875 590 1902 essenti-‘rt
607 1881 728 1904 causam,
743 1877 769 1899 et
783 1872 855 1903 vitae,
872 1875 898 1898 et

110 1924 209 1949 inentis
223 1943 229 1953 ‚
247 1928 274 1949 et
293 1923 409 1949 rationis
425 1921 588 1956 participum
606 1924 688 1955 atque
708 1927 805 1946 sensus
818 1939 825 1950 ‚
844 1925 898 1944 non

111 1970 227 2004 amplius
250 1969 372 1996 ordinem
396 1969 468 1994 bunc
483 1968 509 1994 in
524 1969 606 1994 rebus
628 1965 768 1993 videmus?
786 1965 898 1999 Oportet

110 2017 181 2041 enini
205 2015 354 2042 secundum
371 2014 459 2041 dictos
477 2022 491 2040 a
508 2018 534 2040 te
550 2013 651 2048 gradus
664 2032 671 2043 ,
690 2019 720 2039 ea
741 2019 802 2046 qute
825 2010 898 2037 exsi-

111 2064 186 2087 stunt
203 2061 287 2095 magis
301 2061 335 2087 iis
346 2068 405 2094 qu:e
421 2061 515 2086 vivunt
528 2064 554 2086 et
567 2059 688 2086 sentiunt
706 2061 731 2084 et
746 2056 899 2090 intelligunt

110 2111 136 2133 ct
155 2107 361 2137 ratiocinantur,
381 2105 406 2131 id
423 2110 464 2132 est
479 2108 597 2131 mentem
614 2112 645 2130 ac
662 2103 796 2129 rationem
813 2101 899 2136 parti-

110 2153 277 2186 cipantibus,
295 2151 350 2179 Deo
371 2151 482 2186 propius
502 2150 582 2185 168
599 2149 748 2181 accedere;
765 2155 817 2174 non
838 2154 896 2173 am-

951 215 1017 250 κροῦ
1043 215 1115 248 ἔδοξέ
1132 223 1190 246 πως
1210 213 1344 240 ὺπὸὅασιν
1365 212 1454 246 λέγειν
1473 212 1502 238 τὸ
1519 212 1619 246 ἀγαθὸν
1631 230 1638 242 ,
1654 210 1738 237 εἰπὼν

950 261 1003 288 τοῦ
1026 261 1112 294 ὄντος
1133 261 1247 292 αἴτιον,
1270 260 1316 286 καὶ
1342 258 1412 285 οὕτω
1437 258 1574 292 καθεξῆς,
1592 258 1635 284 ἰ’να
1656 257 1693 292 μὴ
1713 258 1738 283 οἱ

950 307 1087 339 ἀσυνέτως
1101 306 1333 341 ἀναγινώσκοντες
1347 305 1447 341 εὕρωσι
1462 305 1589 340 μέμψεως
1601 304 1738 339 ἀφορμὴν,

950 353 1042 389 φησίν·
1060 355 1120 380 Οὐκ
1135 353 1212 381 ἄλλο
1225 352 1258 379 δὲ
1271 353 1349 379 εἶναι
1363 351 1396 378 τὸ
1411 351 1532 385 ἀγαθὸν,
1548 351 1595 377 καὶ
1611 350 1687 377 ἄλλο
1705 351 1739 377 τὸ

951 400 1000 426 ὄν·
1017 400 1064 426 καὶ
1078 399 1111 427 αὖ
1130 400 1226 431 πάλιν,
1244 399 1306 426 ἄλλο
1321 398 1370 434 τὴν
1385 398 1467 434 ζωὴν,
1484 397 1500 433 ἢ
1517 397 1565 433 τὴν
1582 396 1686 431 σοφίαν·
1711 397 1739 422 ἓν

950 446 1004 482 γὰρ
1020 444 1088 473 εἶναι
1111 446 1164 472 τῶν
1181 446 1308 472 ἁπάντων
1326 445 1411 471 αἴτιον
1423 464 1430 475 ,
1454 444 1500 470 καὶ
1515 444 1545 470 οὐ
1569 442 1670 474 πολλὰ,
1692 443 1740 469 καὶ

951 493 1015 528 μίαν
1030 493 1141 523 εἰκότως
1158 492 1273 527 θεότητα
1287 492 1376 518 πάντα
1393 491 1580 526 παράγουσαν,
1595 490 1644 524 τὴν
1659 489 1739 523 ἁγίαν

950 538 996 565 καὶ
1018 538 1154 574 μακαρίαν
1164 538 1183 553 ¹⁷
1201 538 1314 573 Τριάδα,
1341 537 1388 564 καὶ
1412 537 1448 572 μὴ
1465 536 1565 567 πολλὰς
1607 536 1736 571 θεότητας

949 584 1129 619 δημιουργούς
1140 593 1148 600 ·
1163 584 1241 611 τοῦτο
1255 584 1282 610 δὲ
1298 584 1327 610 οὐ
1343 583 1478 618 περιττῶς
1495 580 1580 613 εἶπεν,
1597 581 1664 608 ἀλλὰ
1678 580 1740 607 καθ-

950 630 1099 665 απτόμενος
1121 630 1174 657 τῶν
1197 630 1261 666 παρ’
1283 629 1395 664 Ἕλλησι
1416 628 1523 663 σοφῶν,
1548 628 1594 655 καὶ
1616 626 1670 653 τῶν
1686 626 1740 652 ἀπὸ

950 677 1070 712 Σίμωνος
1095 676 1239 713 αἰρετικῶν
1252 696 1259 708 ,
1286 676 1310 704 οἳ
1344 674 1524 710 κοσμοποιούς
1550 682 1615 708 φασι
1648 672 1738 702 θεοὺς,

950 723 1064 750 καθόσον
1081 722 1267 757 ὑποὸεῧήκασι
1279 741 1286 753 ,
1307 721 1432 747 τοσοῦτον
1449 721 1495 747 καὶ
1511 719 1544 746 τὰ
1560 718 1740 752 ἀσθενέστερα

950 771 1002 796 τῶν
1018 770 1173 805 κτισμάτων
1189 769 1377 803 παράγοντας,
1395 767 1448 798 ’έως
1461 767 1507 793 καὶ
1523 767 1571 801 τῆς
1585 765 1639 791 τῶν
1655 764 1740 790 ἀπάν-

950 824 1002 841 των
1018 814 1204 849 ὑποστὰθμης,
1221 813 1258 844 ὥς
1272 821 1347 848 φασι,
1363 812 1484 839 τουτέστι
1501 811 1551 846 τῆς
1569 810 1644 845 ὕλης.

985 916 1040 943 Καὶ
1057 915 1112 949 τὴν
1128 915 1185 950 μὲν
1207 915 1292 941 εἶναι.
1315 913 1370 948 Τὴν
1391 911 1439 939 τοῦ
1462 910 1564 946 ἀγαθοῦ
1583 910 1739 944 ἐπωνυμίαν

951 961 1096 992 παντελοῦς
1111 960 1236 996 προνοίας
1251 959 1378 994 δεκτικὴν
1395 957 1463 985 εἶναί
1480 965 1561 992 φησι·
1578 955 1628 986 τὰς
1643 955 1670 981 δὲ
1685 955 1739 980 λοι-

951 1008 1014 1040 πὰς,
1034 1007 1158 1043 μερικὰς,
1175 1004 1229 1033 οἷον
1246 1005 1318 1041 ζωὴν
1335 1005 1380 1031 καὶ
1397 1004 1502 1038 σοφίαν,
1519 1003 1565 1029 καὶ
1581 1002 1658 1036 λόγον
1669 1009 1675 1016 ·
1693 1001 1741 1027 καὶ

951 1055 1038 1081 πάντα
1056 1055 1104 1089 μὲν
1118 1053 1172 1089 γὰρ
1187 1053 1220 1079 τὰ
1236 1052 1299 1078 ὅντα
1314 1052 1346 1078 δι’
1363 1051 1518 1086 ἀγαθότητα
1529 1049 1596 1075 Θεοῦ
1612 1047 1738 1083 παρήχθη

950 1101 1017 1136 πρὸς
1033 1099 1148 1134 ὓπαρξιν
1159 1120 1166 1131 ,
1182 1098 1229 1125 καί
1244 1098 1311 1123 εἰσιν
1328 1095 1433 1130 ἀγαθὰ,
1451 1096 1509 1130 ἤτοι
1525 1093 1595 1121 καλὰ
1610 1094 1670 1119 λίαν
1682 1101 1688 1107 ·
1707 1093 1739 1119 οὐ

950 1146 1039 1172 πάντα
1054 1145 1081 1171 δὲ
1097 1144 1168 1179 ζωῆς
1187 1144 1203 1178 ἢ
1221 1143 1299 1176 λόγου
1322 1142 1338 1177 ἢ
1357 1141 1450 1175 σοφίας
1468 1140 1620 1176 μετέχουσι·
1636 1139 1675 1166 διὸ
1690 1138 1741 1170 τὰς

949 1192 1075 1222 τοιαύτας
1095 1189 1253 1224 ἐπωνυμίας
1269 1188 1340 1215 κατὰ
1355 1183 1557 1221 ἀντιδιαστολῆν
1571 1186 1621 1220 τῆς
1641 1194 1739 1212 παντε-

949 1239 1012 1269 λοῦς
1030 1237 1160 1264 τέθεικεν.
1191 1234 1372 1269 Ὀλικωτέρας
1394 1234 1421 1260 δέ
1440 1241 1506 1268 φησι
1524 1232 1574 1263 τὰς
1590 1232 1636 1258 ἐπὶ
1649 1231 1740 1257 πλειό-

950 1293 1002 1310 νων
1017 1282 1214 1318 θεωρουμένας,
1230 1278 1284 1307 οἷον
1298 1279 1370 1314 ζωήν
1383 1288 1388 1294 ·
1407 1279 1501 1312 φθάνει
1515 1278 1570 1313 γὰρ
1586 1277 1632 1304 ἐπὶ
1649 1276 1740 1311 φυτῶν

950 1330 996 1357 καὶ
1013 1329 1099 1362 ζώων,
1115 1327 1230 1362 λογικῶν
1251 1335 1280 1353 τε
1295 1326 1341 1352 καὶ
1355 1325 1459 1359 ἀλόγων
1473 1333 1479 1340 ·
1499 1324 1579 1359 σοφία
1594 1324 1622 1351 δὲ
1636 1324 1682 1350 καὶ
1695 1323 1740 1349 λό-

949 1385 996 1410 γος
1020 1374 1218 1410 μερικώτεραι·
1241 1372 1286 1399 ἐπὶ
1313 1371 1398 1407 μόνων
1420 1370 1474 1406 γὰρ
1493 1369 1609 1404 λογικῶν
1624 1369 1740 1405 ὁρῶνται

949 1429 1044 1447 ταυτα.

912 1521 932 1550 C
985 1509 1058 1544 5111.
1075 1508 1129 1535 Καὶ
1145 1508 1200 1541 τῆς
1216 1507 1290 1541 ζωῆς
1313 1506 1369 1539 τὴν
1391 1506 1512 1540 σοφίαν.
1543 1504 1740 1539 Ἀσαφέστερόν

950 1564 1008 1586 πως
1031 1554 1192 1589 ἐγκειμένης
1215 1553 1264 1587 τῆς
1289 1553 1392 1588 ρήσεως
1403 1572 1410 1583 ,
1437 1549 1513 1586 οἶμαι
1539 1551 1570 1577 τὸ
1596 1550 1740 1585 λεγόμενον

948 1600 1067 1626 τοιοῦτον
1076 1609 1136 1625 τινα
1149 1599 1209 1626 νοῦν
1218 1598 1385 1632 ὑποφαίνειν·
1403 1597 1440 1628 ὥς
1454 1605 1527 1628 τινος
1538 1596 1741 1632 ὲπαποροῦντος

949 1646 996 1672 καὶ
1016 1644 1210 1679 aemam-At&
1226 1644 1262 1676 τί,
1278 1644 1323 1670 τοῦ
1341 1644 1469 1678 ὀνόματος
1487 1641 1569 1669 αὐτοῦ
1583 1642 1636 1668 τοῦ
1653 1642 1741 1675 ὄντος

950 1692 1127 1727 ὑπερέχοντος
1142 1691 1192 1725 τῆς
1217 1689 1288 1725 ζωῆς
1304 1690 1353 1724 τὴν
1371 1689 1574 1724 προσηγορίαν,
1595 1689 1641 1714 καὶ
1661 1688 1740 1714 πάλιν

948 1739 994 1765 τοῦ
1009 1738 1139 1772 ὀνόματος
1153 1737 1203 1771 τῆς
1218 1737 1289 1771 ζωῆς
1303 1736 1495 1771 ὑπεραίροντος
1509 1734 1556 1770 τὴν
1572 1734 1677 1768 σοφίαν,
1692 1734 1739 1760 ἅτε

949 1785 996 1810 καὶ
1012 1784 1060 1818 τῆς
1074 1782 1177 1814 τάξεως
1190 1781 1269 1808 τοῦτο
1283 1781 1460 1816 ἀπαιτούσης,
1478 1781 1515 1811 ὼς
1527 1781 1574 1806 καὶ
1589 1780 1669 1811 αὐτὸς
1686 1780 1739 1815 πρὸ

950 1829 1073 1865 βραχέως
1089 1829 1222 1863 ἐδήλωσεν
1237 1827 1331 1857 εἰπὼν,
1348 1827 1395 1853 καὶ
1406 1826 1445 1859 ὃν,
1464 1827 1511 1852 καὶ
1527 1825 1613 1861 ζωὴν,
1631 1826 1677 1853 καὶ
1694 1835 1738 1852 σο-

949 1876 1013 1910 φίαν
1027 1875 1076 1909 τὴν
1090 1874 1250 1905 οὺσιοποιὸν,
1266 1873 1312 1899 καὶ
1324 1873 1462 1905 ζωοποιὺν,
1479 1872 1526 1898 καὶ
1541 1873 1676 1906 σοφοδότιν
1701 1874 1739 1898 αἰ-

949 1922 1008 1949 τίαν
1023 1921 1077 1947 τῶν
1087 1921 1196 1951 οὐσίας,
1214 1921 1260 1946 καὶ
1280 1920 1361 1954 ζωῆς,
1382 1919 1428 1945 καὶ
1445 1918 1501 1950 νοῦ,
1518 1919 1564 1944 καὶ
1582 1919 1658 1952 λόγου
1677 1928 1739 1953 μετ-

949 1967 1096 2002 ειληφότων
1107 1987 1113 1999 ,
1131 1967 1178 1993 καὶ
1192 1966 1359 2001 αἰσθήσεως,
1372 1965 1463 1990 οὐκέτι
1480 1964 1527 1999 τὴν
1544 1965 1620 1997 τάξιν
1636 1964 1738 1999 ταύτην

949 2014 1056 2049 ὁρῶμεν
1074 2014 1102 2039 ἐν
1116 2013 1171 2044 τοῖς
1184 2010 1260 2043 οὗσι;
1278 2011 1336 2037 δέον
1350 2010 1402 2045 γὰρ
1416 2010 1486 2036 κατὰ
1501 2011 1563 2041 τοὺς
1578 2010 1738 2045 εἰρημένους

950 2060 1002 2086 ὑπὸ
1025 2059 1071 2085 σοῦ
1094 2058 1213 2093 βαθμοὺς
1225 2077 1231 2088 ,
1249 2057 1282 2083 τὰ
1297 2057 1362 2082 ὄντα
1379 2056 1459 2082 πλέον
1474 2056 1527 2081 τῶν
1546 2055 1669 2087 ζώντων.
1691 2055 1737 2082 καὶ

948 2106 1001 2131 τῶν
1021 2104 1239 2138 αἰσθανομένων,
1263 2102 1310 2128 καὶ
1330 2102 1383 2127 τῶν
1406 2102 1523 2136 νοερῶν,
1544 2102 1589 2127 καὶ
1604 2101 1736 2134 λογικῶν,

948 2152 1069 2177 τουτέστι
1082 2150 1128 2176 τοῦ
1142 2149 1187 2175 νοῦ
1202 2148 1248 2174 καὶ
1261 2148 1339 2181 λόγου
1355 2147 1563 2182 μετειληφότων,
1579 2146 1736 2181 πλησιάζειν

111 2200 181 2232 plius
197 2203 285 2225 autem
306 2198 344 2225 sic
357 2218 363 2228 ‚
389 2197 435 2224 sed
451 2196 620 2222 contrarium
638 2198 695 2227 cst;
713 2193 794 2220 veluti
812 2191 893 2222 coelo,
911 2194 933 2221 D
947 2197 1022 2231 Θεῷ-
1042 2196 1131 2222 οῡκέτι
1153 2195 1200 2229 μὲν
1217 2194 1301 2224 οὓτως
1314 2213 1320 2224 ,
1342 2193 1370 2224 ἐξ
1392 2193 1512 2218 ἐναντίου
1528 2193 1555 2219 δέ
1574 2194 1646 2219 ἐστιν
1659 2213 1665 2223 ‚
1682 2192 1736 2218 οἷον

109 2248 134 2270 et
150 2244 242 2273 astris,
260 2247 285 2270 et
301 2247 384 2274 terra,
402 2246 427 2268 ct
446 2250 527 2276 aqua,
542 2245 569 2268 et
585 2249 656 2271 aere,
673 2244 699 2266 ct
723 2239 755 2266 iis
782 2246 841 2273 quac
863 2246 895 2264 ex

110 2289 176 2322 ipsis
191 2289 334 2320 oriuntur,
352 2288 483 2314 viciniora
500 2290 563 2314 sunt
585 2287 659 2313 circa
682 2285 727 2312 nei
750 2284 896 2319 providen-

110 2335 174 2360 tiam
190 2342 221 2361 ea
235 2343 295 2368 quat
308 2334 413 2365 vivunt,
429 2334 479 2360 etsi
497 2333 549 2359 vita
568 2332 718 2367 vegetativa
740 2331 849 2361 vivant,
867 2332 896 2355 ut

111 2381 208 2414 plant-„e
224 2385 250 2407 ct
265 2381 375 2412 similia,
391 2380 601 2414 viventibusque
617 2379 747 2405 viciniora
763 2381 826 2405 sunt
839 2384 898 2403 scn-

110 2426 180 2456 sdia,
199 2426 223 2451 id
237 2429 277 2452 est
298 2426 412 2453 rationis
426 2426 565 2460 expertia;
582 2425 682 2459 plantis
694 2424 765 2451 enim
782 2431 813 2450 ac
830 2423 896 2449 lier-

110 2472 168 2502 bis.
190 2472 351 2505 pretiosiora
367 2476 430 2499 sunt
445 2473 472 2498 in
493 2472 547 2498 vita
564 2472 667 2498 ratione
683 2471 813 2503 carentia,
830 2479 898 2505 qna-

109 2521 188 2544 tenus
205 2518 286 2544 ctiain
302 2523 406 2544 lantum
425 2518 546 2545 sentiunt
567 2517 666 2552 plantis
686 2517 753 2543 nibil
773 2517 894 2544 sentien-

109 2564 198 2596 tibus;
221 2571 280 2597 quac
305 2567 394 2589 autem
419 2564 523 2590 ratione
540 2567 655 2589 utuntur
677 2563 808 2589 viciniora
831 2566 895 2590 sunt

110 2612 164 2638 Deo
182 2611 328 2638 sensilibus
342 2631 348 2641 .
368 2612 576 2638 rationabilibus
593 2619 657 2638 vero
672 2616 776 2638 mentes
789 2631 795 2642 ,
813 2611 838 2637 id
854 2614 895 2637 cst

110 2656 264 2690 superiores
280 2656 380 2681 mundo
397 2657 520 2688 virtutes,
538 2662 565 2683 ut
577 2658 655 2684 nobis
669 2658 714 2692 qui
726 2658 829 2684 rationo
841 2658 895 2683 uti-

111 2711 170 2731 ltlltr
185 2702 357 2736 superiores,
375 2702 603 2731 immaterialitate
625 2708 705 2738 atquc
728 2702 894 2738 intelligendi

949 2241 1074 2278 οὐρανοῦ,
1090 2242 1136 2267 καὶ
1150 2241 1265 2275 ἄστρων,
1284 2239 1330 2265 καὶ
1343 2239 1403 2273 γῆς,
1416 2239 1462 2265 καὶ
1474 2238 1576 2269 ὓδατος,
1588 2240 1634 2264 καὶ
1646 2239 1734 2273 ἀέρος,

949 2289 996 2315 καὶ
1019 2288 1072 2314 τῶν
1094 2287 1123 2319 ἐξ
1139 2287 1226 2313 αὐτῶν
1246 2285 1424 2320 πλησιαίτερα
1449 2284 1513 2320 περὶ
1536 2285 1584 2319 τὴν
1608 2285 1735 2320 πρόνοιαν

949 2336 995 2362 τοῦ
1010 2334 1076 2360 Θεοῦ
1098 2334 1131 2360 τὰ
1152 2333 1239 2365 ζῶντα
1250 2353 1256 2364 ,
1274 2333 1297 2358 εἰ
1312 2332 1358 2358 καὶ
1371 2331 1419 2366 τὴν
1437 2331 1550 2366 φυτικὴν
1565 2331 1631 2362 ζῶσι
1648 2332 1733 2367 ζωὴν,

947 2379 990 2408 οἶοι
1005 2381 1038 2407 τὰ
1053 2380 1123 2415 φυτὰ
1140 2380 1185 2406 καὶ
1203 2379 1237 2405 τὰ
1254 2378 1367 2404 τοιαῦτα
1378 2398 1385 2409 ,
1410 2378 1455 2403 καὶι
1470 2377 1523 2403 τῶν
1543 2376 1650 2408 ζώντων
1666 2377 1734 2412 πλη-

948 2428 1071 2462 σιαίτερα
1087 2426 1120 2452 τὰ
1135 2425 1291 2461 αἰσθητικά,
1306 2424 1427 2450 τουτέστι
1442 2423 1475 2448 τὰ
1490 2423 1573 2456 ἄλογα
1585 2431 1592 2437 ·
1609 2423 1662 2449 τῶν
1680 2423 1734 2458 γὰρ

948 2473 1038 2508 φυτῶν
1061 2473 1107 2499 καὶ
1130 2471 1248 2507 βοτανῶν
1270 2469 1418 2505 τιμιώτερα
1442 2469 1470 2494 ἐν
1494 2467 1549 2503 ζωῇ
1575 2468 1608 2494 τὰ
1630 2469 1733 2502 ἄλογα,

947 2519 1007 2546 καθ’
1022 2519 1035 2545 ὖ
1052 2519 1102 2545 κᾶν
1120 2519 1198 2553 μόνον
1215 2517 1402 2546 αἰσθάνωνται,
1418 2514 1470 2540 τῶν
1485 2514 1575 2548 φυτῶν
1593 2514 1628 2549 μὴ
1645 2514 1735 2541 αἰσθα-

948 2566 1084 2600 νομένων·
1107 2565 1160 2590 τῶν
1183 2564 1210 2590 δὲ
1235 2560 1398 2596 αἰσθητικῶν
1422 2560 1556 2595 ὲγγύτερσ.
1571 2560 1609 2594 τῷ
1628 2560 1685 2594 (θεῷ
1700 2560 1734 2586 τὰ

949 2611 1043 2645 λογικά
1054 2620 1060 2626 ·
1078 2610 1131 2636 τῶν
1147 2610 1173 2636 δὲ
1188 2608 1302 2643 λογικῶν
1318 2607 1341 2632 οἱ
1355 2606 1429 2636 νόες,
1448 2605 1583 2631 τουτέστιν
1601 2606 1627 2631 αἱ
1648 2606 1717 2640 ὑπερ

950 2657 1055 2690 κόσμιοι
1077 2655 1202 2688 δυνάμεις
1215 2673 1221 2684 ,
1239 2654 1275 2683 ὡς
1289 2650 1366 2686 ἡμῶν
1385 2650 1438 2675 τῶν
1453 2649 1567 2683 λογικῶν
1582 2649 1714 2684 ἁνώτεραι
1724 2669 1731 2680 ,

949 2701 1019 2726 κατὰ
1040 2700 1069 2725 τὸ
1090 2700 1168 2726 ἇῦλον
1188 2699 1234 2724 καὶ
1255 2698 1344 2732 νοερὸν
1368 2696 1522 2729 ἑγγίζουσαι
1542 2695 1639 2729 μᾶλλον
1654 2694 1732 2730 ἡμῶν

553 2783 669 2810 vanui
687 2783 876 2811 LEC'slomis
896 2782 938 2809 ET
960 2778 1233 2809 CORuEttTlONES.
