1860 2961
105 113 135 140 9¹
477 111 647 139 ArrENntx
668 112 712 138 An
729 111 843 139 OPERA
861 110 890 138 S.
908 108 1055 137 DlONYSll
1069 108 1309 137 AREOPAGt‘rAE.
1695 109 1729 135 92

103 170 166 197 licet
191 170 269 204 primi
297 170 459 196 annuntiant
481 171 609 197 secundis
637 170 728 197 divina
753 170 893 205 mysteria.
910 173 931 198 Α
948 169 1074 204 πρώτους
1099 167 1239 202 ἀγγέλλειν
1259 168 1316 198 τοῖς
1335 165 1468 201 δευτέροις
1490 165 1523 192 τὰ
1546 165 1603 191 Οεῑα
1628 166 1728 200 μυστή-

142 257 156 292 5
172 257 215 284 lll.
239 257 299 283 Νοη
316 258 456 286 immerito.
471 258 507 285 Ex
521 258 678 286 rudioribus
692 259 763 286 enim
783 258 892 285 institu-

103 303 226 330 tionibus
242 304 324 337 (quod
346 304 424 330 lactis
443 304 657 338 potionationein
679 303 824 338 Apostolus
842 311 890 330 vo-

104 349 186 378 cavit)
209 348 241 374 ad
263 349 366 379 mcdia;
387 353 413 374 ct
437 349 470 375 ab
489 349 532 377 liis
550 350 583 376 ad
607 350 709 384 majora
731 358 777 376 seu
804 349 892 384 perse-

104 398 210 420 ctoruin
226 393 316 419 cibum
332 394 494 426 ascendens,
515 400 683 430 postremum
705 397 825 423 ostendit
847 403 892 422 or-

103 439 194 466 dinem
206 444 230 465 et
243 440 380 466 virtutem.
394 440 467 466 Licet
480 449 542 468 vero
554 446 580 468 et
596 442 650 468 alio
662 442 742 468 modo
761 443 816 468 lia-c
833 449 892 475 quae

103 485 193 511 locum
214 489 329 520 tangunt
350 486 511 521 intelligere,
538 491 620 522 atque
644 488 760 522 primum
782 488 891 522 quidem

103 530 194 557 dicere
227 531 405 558 intentionem
428 533 458 559 ad
487 533 512 559 id
530 533 600 567 quod
623 533 815 568 supereminet.
837 532 892 559 Me—

103 575 178 603 dium
195 581 295 610 autem,
314 579 519 606 conversionem
532 583 558 606 et
578 580 798 607 convolutionem
818 580 891 605 circa

103 622 208 656 ipstnn3
228 628 395 658 postremum
414 633 487 656 vero,
507 633 567 652 eum
581 626 626 659 qui
640 626 714 652 illum
736 625 782 660 qui
799 625 893 652 subin-

103 669 239 703 digcntior
259 674 311 702 est,
337 671 425 698 elevat
441 681 447 698 ε
465 671 536 705 quod
554 679 620 698 sane
640 671 732 706 potius
748 671 775 697 in
789 671 893 706 angelis

104 714 321 749 intelligendum.

139 760 283 794 Etprimos
298 767 321 788 ct
344 762 451 789 medios.
478 762 567 797 [Nota]
583 762 656 797 quod
677 763 894 797 uniuscnjusque

104 811 229 833 nostruin
246 815 322 834 mens
339 809 443 842 primos
461 812 487 835 et
507 808 611 835 medios
632 813 658 835 et
673 812 827 843 postremos
845 816 892 836 or·-

103 852 181 878 dines
193 852 301 884 habeat,
321 857 349 879 ut
365 854 499 888 intelligat
518 855 544 881 in
560 854 614 881 Deo
632 858 687 882 tres
702 854 752 882 hos
769 855 891 888 ordines,

105 898 145 924 sic
170 898 377 933 intelligendum
407 905 524 927 mentem
547 908 655 927 omnem
681 900 781 928 habere
796 909 892 928 essen-

104 944 168 970 tiam
203 945 353 972 secundum
383 954 464 980 quam
491 946 609 980 primum
639 947 763 980 exsistit;
796 947 893 975 deinde

103 990 184 1016 etiam
194 990 333 1023 virtutem,
348 992 499 1019 secundum
511 1000 592 1028 quam
604 993 744 1028 perdurat,
755 997 893 1029 postremo

104 1040 195 1063 autem
211 1037 367 1069 efficaciam,
386 1038 537 1065 secundum
560 1046 642 1073 quam
660 1039 770 1073 propria
790 1039 894 1067 faciens

105 1083 148 1116 pie
162 1084 228 1118 agit.
247 1083 309 1110 Haec
322 1084 404 1110 etiam
418 1084 445 1110 in
462 1084 552 1119 eapite
567 1085 693 1120 sequenti
706 1085 847 1112 declarat.⁴

141 1128 218 1156 Unde
230 1130 293 1157 licet
308 1130 371 1157 hinc
388 1134 480 1166 aperte
493 1135 519 1158 et
537 1131 597 1158 sine
610 1131 826 1158 contradictione
845 1139 892 1158 ac-

105 1175 206 1210 cipere,
223 1183 273 1202 nos
293 1176 373 1210 paulo
391 1180 453 1204 ante
467 1184 531 1204 vera
547 1177 720 1211 ascripsisse.
738 1176 808 1204 Ecce
820 1177 893 1204 enim

104 1222 241 1255 quomodo
263 1222 346 1249 dicit:
370 1222 536 1257 Unaquoeque
557 1223 667 1250 coelestis
682 1228 759 1256 atque
778 1223 894 1250 humana

105 1275 188 1298 mens,
205 1269 304 1301 primas
320 1274 343 1294 et
358 1268 456 1295 medias
474 1273 655 1304 extremasque
671 1269 748 1296 habet
769 1269 895 1296 elevatio-

106 1321 160 1344 nes,
178 1313 321 1339 secundum
338 1322 403 1348 quas
419 1322 581 1349 unaquaeque
595 1315 626 1348 fit
641 1316 773 1350 particeps
790 1316 895 1342 divina-

105 1367 164 1385 rum
183 1364 207 1385 et
229 1361 263 1385 ad
291 1359 443 1386 hierarchas
465 1361 651 1394 pertinentium
673 1362 892 1390 illustrationum.

105 1405 196 1432 Primo
210 1405 331 1439 quidem,
344 1406 407 1440 quia
421 1406 553 1440 aequalem
565 1406 634 1432 dixit
648 1407 788 1433 hominum
804 1412 830 1434 et
847 1416 894 1434 su-

106 1452 243 1486 periorum
263 1452 396 1478 virtutum
417 1452 551 1485 ordinem,
568 1452 728 1487 nullumque
752 1453 893 1480 hominum

964 223 999 240 ια.

946 223 960 249 ρ
980 260 993 294 ξ
1011 260 1054 287 ΙΙΙ.
1071 261 1130 286 Οὐκ
1143 260 1313 290 ἀπεικίτως.
1339 259 1386 284 Ἐκ
1403 257 1456 292 γὰρ
1471 257 1524 283 τῶν
1541 257 1728 291 ἁπλουστέρων

944 307 1079 342 μυήσεων,
1089 307 1155 342 ὅπερ
1164 306 1297 340 γάλακτος
1308 303 1438 338 ποτισμὸν
1448 304 1574 330 ἐκάλεσεν
1583 305 1596 329 ὁ
1604 303 1729 328 Ἀπόστο-

942 351 997 383 λος,
1015 352 1084 388 πρὸς
1100 353 1134 379 τὰ
1153 352 1232 387 μέσα,
1249 352 1295 378 καὶ
1312 352 1344 376 ἐκ
1359 349 1460 376 τούτων
1475 349 1542 385 πρὸς
1555 348 1589 374 τὰ
1609 349 1728 383 μείζονα,

942 398 1025 432 ἤγουν
1039 398 1089 433 τὴν
1105 399 1159 424 τῶν
1176 397 1284 423 τελείων
1302 396 1403 431 τροφὴν
1416 394 1507 426 ἀνιὼν,
1517 395 1564 430 τὴν
1574 395 1729 420 τελευταίαν

942 443 1082 477 ἀναφαίνει
1100 444 1176 476 τάξιν
1194 444 1239 469 καὶ
1254 443 1379 477 δύναμιν.
1391 443 1468 468 Ἔστι
1484 441 1511 467 δὲ
1526 441 1573 466 καλι
1587 441 1686 476 ἑτέρως
1694 440 1729 466 τὰ

943 489 1014 515 κατὰ
1027 490 1072 515 τὸν
1095 490 1176 516 τόπον
1193 489 1297 523 νοῆσαι·
1316 489 1361 514 καὶ
1376 487 1486 522 πρώτην
1505 487 1553 521 μὲν
1577 487 1661 512 εἰπεῖν
1680 486 1729 521 τὴν

943 534 1011 569 πρὸς
1023 535 1053 560 τὸ
1070 535 1265 571 ὑπερκείμενον
1286 534 1430 560 ἀνάτασιν·
1448 533 1532 567 μέσην
1550 532 1578 561 δὲ,
1602 532 1649 567 τὴν
1667 532 1730 566 περὶ

943 580 1024 606 αὑτὸν
1043 581 1215 616 ἀναστροφὴν
1239 581 1286 607 καὶ
1310 579 1450 612 συνέλιξιν·
1467 579 1622 605 τελευταίαν
1638 579 1665 604 δὲ
1681 579 1729 613 τὴν

943 625 974 651 τὸ
993 625 1184 662 ὑποδεέστερον
1200 626 1362 660 ἀνάγουσαν,
1381 626 1394 652 ὃ
1417 625 1462 652 καὶ
1484 625 1582 660 μᾶλλον
1609 625 1654 650 ἐπὶ
1677 625 1730 651 τῶν

944 672 1066 705 ἀγγέλων
1079 673 1197 708 νοητέον.

980 760 1035 786 Καὶ
1050 761 1166 794 πρώτας
1180 761 1228 787 καὶ
1247 761 1352 795 μέσας.
1366 761 1545 797 [Σημείωσαι]
1561 762 1600 787 ὅτι
1616 761 1729 788 ἑκάστου

945 806 1044 840 ὴμῶνό
1058 807 1119 837 νοῦς
1130 808 1239 841 πρώτας
1254 808 1301 833 καὶ
1317 808 1400 842 μέσας
1415 808 1461 834 καὶ
1474 808 1627 838 τελευταίας
1641 807 1730 839 τάξεις

944 852 1000 886 ἔχει
1011 853 1051 883 εἰς
1066 853 1096 878 τὸ
1109 854 1177 879 νοεῖν
1186 853 1249 888 περὶ
1263 853 1329 879 Θεοῦ
1350 853 1399 884 τὰς
1419 854 1492 888 τρεῖς
1511 852 1600 884 τάξεις
1619 853 1729 883 ταύτας·

944 898 1053 933 νοητέον
1078 898 1175 930 οὕτως,
1198 899 1237 924 ὅτι
1262 899 1315 929 πᾶς
1332 898 1398 929 ’νοῦς
1424 898 1478 933 ἔχει
1500 898 1604 929 οὐσίαν,
1621 898 1681 924 καθ’
1699 899 1731 934 ἣν

944 948 1051 984 πρῶτόν
1068 949 1149 975 ἐστιν·
1168 946 1227 975 εἶτα
1241 949 1287 974 καὶ
1298 949 1420 983 δύναμιν,
1439 948 1498 974 καθ’
1509 949 1542 983 ἣν
1557 949 1668 984 διαρκεῐ’
1686 957 1731 974 τε-

944 995 1065 1022 λευταῖον
1082 995 1110 1021 δὲ
1122 995 1272 1030 ἐνέργειαν,
1285 995 1344 1021 καθ’
1356 996 1388 1030 ἣν
1403 995 1436 1021 τὰ
1447 996 1534 1021 οἰκεῖα
1549 995 1675 1030 πράττων
1685 995 1730 1020 ευ-

945 1041 1027 1067 σεὸεῖ.
1048 1041 1141 1068 Ταῦτα
1156 1042 1202 1067 καὶ
1217 1041 1246 1068 ὲν
1256 1041 1295 1076 τῷ
1312 1040 1374 1076 ἑξῆς
1388 1041 1528 1076 κεφαλαίῳ
1544 1041 1695 1076 σαφηνίζει.

980 1130 1061 1157 Ὅθεν
1075 1129 1198 1156 ἐντεῦθεν
1215 1130 1308 1164 σαφῶς
1329 1130 1375 1156 καὶ
1391 1130 1593 1166 ἀναντιρῤήτως
1609 1130 1665 1157 ἔστι
1683 1130 1731 1158 λα-

944 1175 1011 1207 6εῖν,
1027 1176 1068 1202 ὅτι
1081 1175 1167 1210 ἀληθῆ
1179 1176 1231 1210 πρὸ
1248 1175 1344 1212 μικροῦ
1365 1176 1591 1212 παρεγράψαμεν·
1610 1177 1664 1203 ἰδοὺ
1678 1176 1735 1213 γὰρ

945 1221 1004 1252 πῶς
1029 1229 1120 1256 φησιν·
1143 1221 1291 1254 ’Ἕκαστος
1315 1221 1454 1255 οὐράνιος
1477 1222 1525 1248 καὶ
1548 1222 1733 1256 ἀνθρώπινος

944 1267 1018 1299 νοῦς
1033 1267 1148 1300 πρώτας
1161 1268 1209 1294 καὶ
1222 1267 1319 1302 μέσας
1334 1268 1382 1294 καὶ
1398 1270 1572 1301 τελευταίας
1586 1270 1648 1303 ἔχει
1662 1269 1733 1296 ἀνα-

944 1312 1049 1347 γωγὰς,
1065 1314 1128 1339 καθ’
1145 1313 1182 1346 ἃς
1195 1313 1322 1346 ἕκαστος
1337 1313 1374 1340 ἑν
1388 1315 1534 1348 μετουσίᾳ
1547 1315 1658 1349 γίνεται
1675 1315 1734 1342 τῶν

945 1359 1031 1385 θείων
1045 1359 1094 1385 καὶ
1106 1359 1279 1394 ἱεραρχικῶν
1292 1359 1481 1394 ἐλλάμψεων.
1500 1361 1609 1396 Πρῶτον
1621 1362 1680 1396 μὲν,
1693 1362 1735 1388 ὅτι

946 1404 1006 1440 ἴσην
1021 1405 1097 1437 τάξιν
1115 1403 1175 1431 εἷπε
1199 1405 1253 1432 τῶν
1273 1405 1424 1440 ἀνθρώπων
1448 1406 1495 1432 καὶ
1510 1406 1563 1432 τῶν
1584 1407 1638 1433 ἄνω
1654 1407 1734 1433 δυνά-

946 1460 1028 1486 μεων,
1044 1452 1090 1478 καὶ
1107 1452 1200 1478 οὐδένα
1209 1452 1262 1478 τῶν
1277 1451 1427 1487 ἀνθρώπων
1449 1453 1536 1487 ἴσμεν,
1552 1453 1612 1479 οὔτε
1630 1458 1735 1489 προφη-

107 1498 210 1525 scimus
227 1505 314 1532 neque
330 1498 487 1532 prophetam
499 1519 506 1531 ‚
531 1506 619 1533 neque
632 1499 747 1533 justum,
764 1501 810 1534 qui
827 1500 894 1527 nihil
908 1507 929 1536 C
945 1507 995 1533 την
1009 1498 1070 1524 οὔτε
1087 1498 1203 1531 δίκαιον,
1221 1498 1302 1533 μηδὲν
1320 1498 1398 1525 Θέντα
1412 1499 1462 1533 τῆς
1488 1499 1555 1530 ἰδίας
1573 1499 1736 1534 προφάσεως

106 1544 253 1577 peculiaris
266 1552 357 1571 causae
373 1545 513 1579 posuerit,
530 1549 559 1571 ut
580 1545 614 1571 ad
634 1545 718 1572 Deum
741 1547 892 1574 accederet.

109 1589 178 1616 Vide
193 1591 266 1617 enim
286 1590 352 1625 quid
367 1591 441 1619 dicat
461 1591 484 1618 is
498 1592 543 1626 qui
563 1599 649 1625 usque
665 1592 698 1618 ad
715 1592 824 1619 tertium
839 1601 895 1620 coe-

107 1636 163 1662 lum
179 1638 312 1671 pervenit,
330 1638 393 1672 quia
416 1639 515 1672 castigo
529 1646 622 1672 corpus
646 1644 765 1665 meamet
778 1639 805 1665 in
818 1640 895 1666 serii-

109 1685 189 1707 tutem
204 1681 303 1716 rediqo,
317 1691 347 1708 ne
360 1682 428 1712 [orte
441 1691 499 1708 cum
514 1683 575 1709 aliis
587 1683 775 1716 proeclicavero,
787 1684 841 1717 ipse
854 1692 895 1710 re-

107 1727 204 1761 probus
223 1728 351 1761 efficiaro.
370 1728 468 1755 Postea
487 1728 631 1755 manifeste
651 1728 696 1755 hic
713 1729 778 1755 dicit
792 1734 817 1756 et
829 1729 896 1756 libe-

109 1782 168 1801 rum
181 1775 324 1802 arbitrium
338 1775 495 1810 angelorum
506 1781 532 1801 et
543 1775 689 1810 peculiaris
700 1776 820 1810 ipsorum
833 1783 896 1810 pro-

109 1821 249 1856 pensionis
265 1821 440 1856 cupiditatem
451 1841 457 1852 ,
474 1825 502 1848 ut
519 1825 610 1847 antem
625 1821 717 1848 nullus
733 1822 813 1848 nimis
830 1829 896 1848 con-

109 1867 289 1894 tentiosorum
305 1867 420 1898 rixetur,
433 1871 561 1902 tanquam
577 1874 627 1901 pro
647 1867 825 1895 conclusione
842 1868 897 1902 38

109 1914 186 1945 dicit,
209 1914 277 1940 nihil
293 1921 354 1941 esse
374 1914 476 1941 nullius
500 1914 538 1940 rei
556 1913 679 1948 indigum
697 1918 724 1941 et
742 1914 895 1947 αὐτοτελές,

110 1960 161 1986 hoc
173 1964 214 1986 est
229 1968 242 1986 a
259 1961 348 1994 seipso
363 1959 512 1994 perfectum
523 1979 530 1991 ,
546 1959 599 1986 nisi
614 1960 702 1986 solnm
718 1959 813 1991 Deum,
829 1960 897 1987 adeo

111 2009 139 2031 ut
156 2006 243 2040 angeli
269 2009 296 2033 et
320 2006 443 2032 homines
464 2005 588 2040 prosectu
603 2009 628 2033 et
644 2006 811 2040 perfectione
827 2006 896 2033 indi-

111 2055 200 2085 geant.

403 2097 434 2123 lN
456 2097 531 2124 CAP.
558 2097 603 2123 xl.

147 2143 237 2178 Neque
248 2143 316 2169 enim
329 2147 356 2168 ut
371 2143 396 2168 ιἰι
410 2144 508 2178 anqelis
520 2143 604 2170 dicere
614 2151 762 2177 possumus.
775 2143 897 2170 Virtutes

945 1546 985 1576 εἰς
1003 1545 1033 1571 τὸ
1052 1545 1199 1579 πλησιάσαι
1213 1545 1281 1580 Θεῷ.
1295 1545 1364 1580 Ὅρα
1374 1545 1427 1580 γὰρ
1439 1545 1465 1571 τί
1486 1553 1567 1580 φησιν
1582 1546 1596 1571 ὁ
1611 1545 1663 1576 ’έως
1676 1545 1737 1580 τρίη

944 1600 990 1618 του
1006 1591 1121 1627 οὐρανοῦ
1144 1591 1258 1625 φθάσας,
1277 1592 1318 1618 ὅτι
1331 1591 1486 1621 ὑπωπιάζω
1505 1600 1564 1626 μου
1584 1591 1617 1617 τὸ
1639 1591 1735 1625 σῶμα,

945 1639 993 1664 καὶ
1009 1637 1202 1672 δουλαγωγῶ,
1220 1637 1326 1672 μήπως
1336 1657 1342 1669 ,
1360 1637 1466 1670 ἄλλοις
1484 1637 1615 1671 κηρύξας
1625 1659 1632 1670 ,
1646 1638 1740 1670 αὐτὸς

945 1684 1086 1717 ἀδόκιμος
1100 1684 1235 1717 γένωμαι·
1254 1684 1348 1709 ἔπειτα
1373 1684 1465 1717 σαφῶς
1477 1681 1528 1710 ὧδέ
1544 1692 1609 1717 φησι
1624 1683 1654 1709 τὸ
1671 1684 1736 1709 αὐτ-

946 1729 1064 1761 εξούσιον
1082 1730 1127 1756 καὶ
1150 1729 1204 1756 τῶν
1219 1729 1340 1763 ἀγγέλων
1352 1750 1359 1761 ,
1377 1730 1424 1755 καὶ
1438 1730 1486 1764 τὴν
1504 1730 1553 1764 τῆς
1569 1729 1636 1759 ἰδίας
1648 1729 1737 1755 αὐτῶν

945 1776 1034 1811 ὁρμῆς
1049 1775 1150 1810 ἔφεσιν
1170 1776 1212 1801 ἰ’να
1228 1775 1255 1801 δὲ
1278 1774 1371 1810 μηδεὶς
1387 1775 1442 1801 τῶν
1457 1775 1515 1800 λίαν
1533 1774 1675 1809 ἐριστικῶν
1692 1783 1736 1808 φι-

946 1821 1099 1856 λονεικήσῃ,
1114 1822 1152 1852 ὡς
1166 1822 1194 1847 ἐν
1209 1821 1327 1855 ἐπιλόγῳ
1340 1821 1434 1855 φησιν,
1450 1821 1490 1846 ὅτι
1505 1820 1579 1846 οὐδὲν
1589 1819 1738 1855 ἀπροσδεὲς

947 1867 993 1893 καὶ
1021 1867 1172 1898 αὐτοτελὲς,
1189 1867 1325 1892 τουτέστιν
1342 1866 1386 1900 ἀφ’
1402 1866 1496 1892 ἑαυτοῦ
1519 1866 1631 1898 τέλειον,
1644 1865 1669 1891 εἰ
1697 1865 1734 1900 μὴ

949 1913 1028 1948 μόνος
1042 1915 1056 1939 ὀ
1072 1913 1147 1944 Θεός·
1164 1913 1233 1939 ὥστε
1252 1913 1362 1946 ἄγγελοι
1376 1913 1423 1939 καὶ
1440 1912 1578 1948 ἅνθρωποι
1596 1911 1741 1947 προκοπῆς

949 1959 995 1985 καὶ
1008 1959 1172 1990 τελειώσεως
1188 1959 1301 1987 δέονται.

1175 2093 1228 2118 ΕΙΣ
1251 2093 1294 2118 ΤΟ
1315 2092 1439 2118 ΚΕΦΑΛ.
1457 2092 1507 2118 IA'.

987 2140 1027 2165 oi]
1047 2139 1101 2172 γὰρ
1121 2138 1205 2165 ἔστιν
1223 2138 1318 2164 εἰπεῖν
1338 2139 1377 2170 ὡς
1394 2137 1443 2163 ἐπὶ
1467 2138 1525 2164 τῶν
1545 2138 1688 2172 ἀγγέλων.
1704 2138 1737 2163 Αἰ

111 2190 183 2216 cnim
205 2190 331 2217 secundm
346 2194 409 2217 sunt
424 2194 450 2216 ct
472 2190 567 2217 mediae
584 2190 683 2216 triadis
699 2194 759 2224 post
774 2190 898 2217 domina-
915 2176 935 2202 D
950 2184 1004 2219 γὰρ
1020 2184 1148 2218 δυνάμεις
1170 2184 1220 2218 τῆς
1245 2184 1373 2219 δέυτέρας
1396 2183 1449 2209 Εἰσὶ
1464 2183 1510 2209 καὶ
1526 2183 1610 2218 μέσης
1632 2183 1738 2217 τριάδος

112 2237 200 2264 tiones
219 2237 370 2269 ordinatae;
388 2237 424 2262 ita
440 2240 469 2263 ut
493 2244 546 2263 non
568 2237 630 2271 quia
653 2241 797 2271 postrema:
822 2241 897 2267 sunt,

112 2291 208 2311 omnes
224 2283 335 2310 ordines
359 2284 448 2311 vocati
475 2284 531 2311 sint
557 2284 672 2311 virtutes
686 2304 693 2316 ‚
712 2284 783 2311 sicut
799 2284 825 2311 in
847 2292 899 2311 an-

114 2331 190 2364 gelis.

151 2376 372 2404 Norissimarum.
391 2377 494 2404 Altiora
511 2376 612 2404 habere
624 2383 684 2410 qum
699 2375 839 2407 inferiora,
858 2375 899 2402 in-

115 2422 213 2449 feriora
232 2432 296 2449 vcro
309 2432 362 2450 non
380 2424 480 2451 habere
495 2431 555 2458 qum
571 2423 667 2449 altiora
685 2431 690 2448 z
708 2422 748 2449 sic
761 2422 841 2449 etiam
854 2429 900 2448 su-

115 2468 207 2502 perius
219 2469 321 2495 dictum
335 2473 388 2501 est3
406 2470 545 2501 nimirum,
563 2469 650 2504 prima
668 2468 777 2503 quidem
800 2468 900 2495 habere

115 2514 226 2540 omnino
242 2514 461 2547 illustrationem,
481 2520 617 2550 postrema
633 2522 698 2542 vcro
710 2515 818 2550 partim,
830 2515 901 2542 sicut

116 2564 210 2594 postea
226 2559 314 2586 dicit:
335 2560 373 2586 sic
393 2560 473 2586 etiam
495 2561 523 2587 in
548 2560 669 2588 Ecclesia
695 2561 814 2595 reperire
837 2564 901 2592 cst;

117 2605 245 2632 sacerdos
255 2605 327 2631 cnim
345 2609 432 2639 potest
447 2606 535 2633 facere
551 2607 642 2633 onmia
658 2606 829 2637 inferiorum,
848 2606 901 2633 sic-

118 2655 147 2677 ut
163 2650 340 2676 diaconorum
360 2654 386 2676 ct
402 2653 585 2685 sequentium,
611 2653 726 2679 diacono
751 2656 839 2678 autem
857 2659 902 2678 sa-

120 2697 260 2723 cerdotum
285 2704 383 2723 munus
401 2696 477 2723 obire
504 2705 557 2724 non
582 2698 765 2732 perinittitur3
783 2703 903 2724 nostram

119 2744 192 2770 enim
208 2743 386 2769 hierarchiam
405 2744 502 2771 imitari
517 2745 655 2773 coelestcm
673 2745 806 2776 ordinem,
824 2750 905 2779 supra

173 2839 184 2852 ⁰
198 2834 206 2862 l
221 2835 282 2863 Cor.
301 2844 337 2868 ix,
352 2835 395 2863 27,

953 2231 1022 2266 μετὰ
1031 2231 1079 2261 τὰς
1095 2230 1255 2265 κυριότητας
1265 2230 1436 2265 ταττόμεναι·
1454 2230 1524 2255 ὥστε
1539 2230 1586 2263 οὐχ
1598 2229 1635 2259 ὡς
1648 2229 1738 2254 τελευ-

952 2276 1035 2302 ταίων
1052 2276 1141 2302 αὐτῶν
1163 2276 1248 2302 οὐσῶν
1267 2277 1352 2302 πᾶσαι
1369 2276 1397 2301 αἱ
1412 2275 1501 2308 τάξεις
1526 2274 1678 2310 ἐκλήθησαν
1694 2274 1740 2301 δυη

953 2322 1059 2356 νάμεις,
1077 2322 1114 2353 ὡς
1130 2322 1175 2348 ἐπὶ
1188 2322 1241 2348 τῶν
1253 2322 1386 2355 ἀγγέλων.

990 2368 1050 2394 Τῶν
1068 2367 1213 2401 ἐσχάτων.
1236 2368 1296 2394 Ὅτι
1317 2368 1351 2394 τὰ
1375 2366 1429 2393 τῶν
1451 2366 1573 2401 ἐσχάτων
1590 2366 1684 2400 ἔχουσι
1704 2366 1741 2393 τὰ·

952 2415 1148 2450 ὑπερκείμενα·
1166 2415 1199 2441 τὰ
1214 2415 1241 2441 δὲ
1261 2414 1315 2441 τῶν
1334 2413 1537 2449 ὑπερκειμένων
1558 2413 1607 2438 οὐκ
1631 2412 1687 2446 ἔχει
1705 2413 1739 2438 τὰ

953 2461 1064 2496 ἔσχατα·
1085 2461 1156 2487 οὕτω
1177 2462 1224 2487 καὶ
1243 2460 1369 2495 ἀνωτέρω
1384 2460 1499 2494 εἴρηται,
1517 2458 1609 2493 ἐπειδὴ
1637 2458 1671 2484 τὰ
1689 2458 1739 2492 μὲν

954 2507 1051 2543 πρῶτα
1073 2507 1170 2538 ὑλικῶς
1194 2507 1250 2542 ἔχει
1271 2507 1320 2542 τὴν
1343 2505 1483 2540 ἕλλαμψιν·
1499 2504 1533 2530 τὰ
1553 2504 1582 2530 δὲ
1597 2503 1738 2529 τελευταῖα

956 2553 1085 2589 μερικῶς,
1102 2554 1139 2584 ὡς
1155 2553 1254 2587 ἐφεξῆς
1269 2560 1358 2587 φησιν.
1380 2551 1457 2578 Οὕτω
1472 2550 1517 2576 καὶ
1531 2550 1560 2576 ὲν
1573 2551 1605 2584 τῇ
1625 2549 1739 2583 Ἐκκλη-

956 2600 1001 2636 σίᾳ
1017 2600 1090 2626 ἔστιν
1103 2600 1201 2635 εὑρεῖν·
1213 2601 1226 2626 ὁ
1237 2599 1290 2634 γὰρ
1306 2598 1394 2633 ἱερεὺς
1412 2596 1522 2623 δύναται
1544 2597 1630 2622 ποιεῖν
1643 2595 1690 2621 ὅλα
1706 2595 1741 2621 τὰ

955 2647 1009 2673 τῶν
1026 2647 1235 2682 ὑποδεεστέρων,
1253 2643 1306 2671 οἷον
1326 2643 1455 2670 διακόνων
1472 2643 1518 2669 καὶ
1533 2642 1586 2669 τῶν
1602 2641 1709 2676 ἐφεξῆς·
1726 2641 1740 2666 ὁ

955 2694 983 2720 δὲ
998 2694 1118 2724 διάκονος
1132 2693 1166 2719 τὰ
1182 2692 1236 2718 τῶν
1254 2691 1347 2727 ἱερέων
1360 2690 1409 2716 οὐκ
1424 2689 1618 2724 ἐπιτέτραπται
1643 2688 1737 2713 ποιεῖν·

958 2741 997 2767 ’ότι
1012 2739 1064 2775 γὰρ
1080 2741 1096 2775 ἡ
1114 2739 1173 2766 καθ’
1191 2739 1263 2774 ἡμᾶς
1279 2737 1402 2774 ἱεραρχία
1415 2737 1536 2772 μιμεῖται
1550 2735 1599 2770 τὴν
1614 2732 1740 2769 οὐρα··ίαν
