1860 2961
152 109 201 137 7‘5
687 111 714 137 S.
738 110 884 138 tixox'fstt
905 109 1134 137 Atttzoract'rffi
1701 107 1751 134 770

149 169 214 194 tiam
238 165 453 198 industriamque
468 165 595 197 exigeret,
613 165 755 192 confestim
769 170 797 192 ut
812 166 938 191 Ai·=·taten
955 169 1064 190 ventum
1081 167 1132 194 est.
1147 162 1215 189 actis
1230 161 1348 196 primuni
1363 160 1469 201 ductori
1486 169 1516 189 ac
1528 162 1683 197 sospitatori
1697 164 1752 191 Deo

149 210 231 236 super
244 208 374 235 prospera
391 200 560 232 navigatione
574 205 601 226 et
616 201 686 226 felici
704 202 817 235 appulsu
840 201 946 233 gratiis,
969 208 1000 225 co
1017 199 1197 230 cogitationes
1213 205 1276 223 suas
1295 203 1390 222 omnes
1407 205 1448 222 vir
1462 198 1681 231 sapientissimus
1705 208 1753 234 ap-

150 237 254 271 plicuit,
274 241 301 261 ut
323 236 355 260 dc
376 236 458 260 totins
482 235 574 261 Gallia:
599 240 682 266 statu,
705 237 927 268 singuloruitiqui·
951 235 1110 267 populorum
1136 232 1267 262 moribus,
1289 239 1348 265 quac
1370 233 1493 264 praesenti
1516 232 1602 259 l'orent
1628 234 1752 260 instituto

149 272 314 301 neccssaria,
329 270 404 303 plcnc
419 276 614 301 cognosceret,
631 275 687 296 tiim
702 280 764 297 vcro
779 271 811 296 dc
833 269 1003 295 dimittendis
1027 275 1244 302 quaquaversum
1263 266 1366 292 idoneis
1383 267 1482 300 operis,
1507 268 1596 293 habito
1613 276 1673 295 cum
1694 270 1750 296 suis

149 307 274 333 consilio.
291 306 420 333 suaviter,
438 309 466 330 ut
484 305 528 330 Dei
549 306 673 331 suadcrct
689 307 784 339 gloria,
803 305 970 338 disponeret.
988 303 1078 337 Ncque
1096 311 1158 330 ⁴vero
1173 303 1205 328 ad
1227 302 1282 327 hat-c
1307 302 1457 334 praestanda
1482 302 1545 328 urbs
1561 305 1749 336 opportunior,

149 347 191 367 aut
207 342 281 366 locus·
298 340 475 368 commodior,
489 348 569 373 quain
587 341 631 366 ubi
648 349 719 366 nunc
735 346 821 369 erant,
839 339 923 372 quami
938 339 1058 371 optarire
1078 342 1191 370 poterat.
1207 337 1310 370 Quippe
1326 336 1358 361 ad
1372 344 1452 368 «inani
1468 337 1560 363 urbem
1577 339 1703 372 frequens
1717 347 1749 365 ex

148 376 220 401 ouini
244 376 327 400 Gallia
345 382 495 400 concursus
513 380 579 402 crat.
594 384 646 400 non
659 377 770 401 alidum
786 375 878 404 moda,
895 374 941 399 scd
961 373 1040 399 ctiam
1055 372 1270 398 Christianorum
1286 380 1292 402 ς
1309 378 1323 396 a
1343 371 1441 404 quibus
1456 371 1523 397 disci
1548 377 1661 406 poterat,
1678 374 1749 408 quod

149 420 161 436 s
174 412 219 435 iri·
235 410 266 435 ad
283 414 381 435 rectam
399 409 524 435 Ecclesia·
541 411 801 436 admiiiistratioiwiu
821 410 883 434 boni
905 409 1021 441 pastoris
1044 409 1198 433 interesset.
1221 406 1267 431 llic
1282 414 1346 439 ergo
1363 406 1518 438 aliquandiu
1538 407 1660 434 substitit
1679 417 1684 433 :
1706 409 1750 435 hic

148 446 317 471 tltir'isitanos
333 446 481 477 rcrollegit,
498 445 540 469 hic
557 446 710 475 rcccusuit;
726 446 768 470 hic
783 443 859 469 Pauli
881 447 907 469 et
923 443 1061 476 'ri-optumi
1078 442 1182 468 fructus
1196 442 1317 467 laborum
1332 441 1485 474 recognovit
1501 449 1510 466 :
1523 441 1566 467 liic
1577 449 1591 467 a
1608 442 1747 475 fratribus,

149 481 298 513 prarscrtiin
314 488 328 504 a
344 480 532 505 sacerdotibus
550 484 575 505 ct
593 480 725 509 diaconis,
740 480 850 513 quinam
873 481 1033 511 supcrstites
1050 477 1136 502 adhuc
1154 481 1242 503 cssciit
1264 476 1289 501 in
1312 475 1396 501 Gallia
1419 476 1548 510 episcopi,
1569 481 1595 502 et.
1617 477 1661 503 ubi
1685 486 1749 505 sitas

149 516 224 540 sodes
249 515 380 543 fixissent,
404 523 471 547 quas
488 515 639 540 animarum
655 523 757 541 nicsscs
774 515 913 542 ici-issent,
930 521 999 546 quas
1018 513 1189 546 potissimum
1210 516 1296 537 terras
1317 511 1423 537 steriles
1438 512 1607 546 incultusque
1622 512 1749 546 reliquis-

148 555 218 578 sciit,
234 550 386 583 perdidicit.
405 550 473 575 Tum
491 558 553 574 vero
570 550 664 575 accitis
677 550 702 574 in
718 549 862 575 eonsilium
878 548 988 581 collegis
1003 552 1029 573 ct
1043 548 1191 576 sodalibus,
1209 545 1353 579 auditaque
1367 554 1448 580 super
1463 547 1562 580 quibus
1580 547 1749 574 deliberaba-

148 591 190 609 tur
209 585 351 613 sententia,
375 585 490 618 denique
513 585 582 617 quod
600 585 729 616 optimum
753 584 836 613 sactu,
861 583 973 608 Domino
990 582 1043 608 beo
1059 582 1140 615 (quod
1165 589 1270 615 scinper
1292 586 1352 606 ante
1369 582 1458 607 omnia
1481 582 1584 608 solebat
1604 582 1749 610 observare

149 620 263 651 iicgotiai
282 620 415 647 invocato,
431 628 505 645 snam
523 619 677 651 unicuique,
694 620 718 644 in
735 626 787 652 qua
803 618 955 646 desudaret,
970 618 1133 651 provinciam
1149 616 1307 649 designavit.
1323 615 1470 642 Saturnino
1485 617 1654 650 Aquitaniam
1666 618 1745 652 (1-2),

147 654 265 679 Lim-iano
289 654 468 681 bettonis-nin.
491 653 619 679 sanctino
637 653 684 678 atet
697 655 745 683 las,
765 653 866 687 Regulo
882 652 1018 681 Arclaieii,
1034 652 1163 686 Eutropio
1181 651 1324 681 Santonas,
1347 651 1407 677 aliis
1425 652 1490 677 alias
1511 652 1591 677 urbes
1611 657 1748 679 tractusic

146 690 173 715 ιιι
190 690 247 714 solo
264 690 366 713 tiall.co
380 689 525 713 commisit.
548 689 580 713 At
597 696 659 713 vero
675 688 841 717 Marcclluin,
861 696 939 720 quein
958 692 983 713 ct
1001 687 1148 721 Eugenium
1167 686 1287 711 nonnulli
1302 690 1399 711 vocant
1415 687 1450 720 (5)
1468 687 1547 720 (idcio
1573 688 1642 713 cnim
1658 696 1718 714 esse
1733 696 1747 713 a

147 725 238 749 multis
253 724 391 755 creditur),
404 723 530 756 llispanis
547 731 560 749 c
577 723 672 753 Gallia,
692 728 720 748 ut
736 723 863 749 credibile
877 725 928 753 est,
947 723 1046 748 auxilia
1062 722 1246 755 poscentibus,
1263 729 1323 746 cum
1341 722 1415 754 prius
1429 729 1490 747 euni
1507 726 1627 748 ‹etii-asset
1643 724 1748 756 cpisco-

147 767 220 792 puin,
246 759 319 784 misit
346 759 371 783 in
397 758 565 791 llispaiiiani.
586 758 645 791 lpse
664 762 752 784 autem
776 758 920 791 Dionysius
942 765 1035 789 agi-uin
1060 757 1253 786 Parisirnseiii‚
1275 764 1328 789 quo
1350 756 1415 781 nihil
1440 760 1497 782 erat
1519 764 1549 782 ca
1577 761 1746 790 tempestate.

145 799 275 826 quantuni
295 794 327 819 ad
351 793 428 818 lidezu
448 797 627 826 pietatemque
654 797 768 826 spectat,
785 793 915 818 incultius
937 796 1016 825 atque
1041 793 1185 826 agrestius,
1213 791 1263 817 sibi
1284 790 1461 816 cxrolcndtim
1484 792 1640 818 reservavit.
1667 792 1748 819 Decet

145 829 226 857 cnini,
241 833 266 853 ut
282 829 308 854 iii
324 828 418 853 militia
435 828 622 861 imperatores,
634 828 672 854 sie
684 828 766 862 468
779 828 804 853 ιιι
819 827 936 853 Ecclesia
946 829 1049 860 primos
1061 827 1207 856 antistites,
1220 834 1265 852 eas
1275 826 1414 859 potissime
1430 826 1479 852 sibi
1495 830 1584 860 partes
1598 834 1746 859 assutiiere‚

146 871 204 896 quat
221 864 280 897 plus
300 864 399 889 laboris
417 870 447 887 ae
469 862 633 889 dillicultatis
651 871 742 889 secum
761 863 893 893 atl‘crant3
913 866 940 887 ut
958 871 990 888 ne,
1005 866 1058 887 tam
1082 862 1195 895 imperio
1219 862 1341 886 subditos
1361 869 1435 890 suos,
1454 869 1506 894 quo
1523 862 1615 891 velint,
1637 862 1746 895 pellere,

145 906 224 931 quain
240 899 362 931 cxcmplo
379 898 411 923 ad
425 906 519 931 magua
536 902 617 931 atquc
637 898 720 923 ardua
738 902 796 931 post
810 906 839 923 se
854 896 960 923 trahere
977 897 1127 923 rideantur.
1145 896 1230 922 Nimis
1247 899 1312 921 dura
1329 897 1398 921 enini
1415 900 1442 922 et
1465 897 1580 929 superba
1602 902 1749 923 censentur

145 934 268 966 imperia,
283 941 343 958 cuin
359 933 464 958 labores
477 937 502 957 et
519 934 638 965 pcricula
653 937 868 963 committuntur,
887 937 913 957 ct
927 932 1025 958 desunt
1040 932 1172 965 exempla.
1190 931 1307 957 Carebat
1323 931 1436 964 proinde
1452 931 1595 965 Dionysius
1611 932 1637 957 in
1653 939 1746 958 eorum

144 976 204 994 csse
222 976 344 997 numero,
362 968 406 1000 qui
422 968 489 993 aiios
503 968 607 993 duriter
619 972 747 998 tractant,
765 968 814 1001 ipsi
831 968 947 993 molliter
961 968 1063 994 rirunt.
1080 966 1133 993 Nec
1149 967 1219 992 enim
1237 967 1285 992 hoc
1302 974 1315 990 a
1330 967 1410 992 Paulo
1425 971 1590 1000 praeceptore
1604 966 1746 998 didicerat,

145 1011 193 1028 ιιι-ι7
215 1004 240 1028 ιιι
265 1004 319 1028 ullo
342 1003 526 1036 apostolorum
546 1002 660 1031 viderat.
679 1011 728 1028 nce
752 1004 808 1036 ipse
833 1003 964 1028 hactenus
980 1003 1021 1028 vel
1042 1010 1088 1036 per
1112 1002 1246 1028 somnium
1267 1005 1410 1034 cogitarat.
1430 1001 1495 1027 Nam
1525 1002 1636 1035 vcstigia
1657 1003 1748 1035 gioriae

147 1038 202 1068 bvi,
223 1046 281 1072 qua·
305 1042 332 1063 ut
350 1038 494 1070 plurimum
510 1037 536 1062 in
552 1038 690 1070 periculis.
715 1038 740 1064 in
763 1038 911 1067 laboribus,
934 1038 958 1063 in
981 1038 1120 1067 aeruiiiiiis,
1141 1037 1167 1062 in
1185 1036 1256 1062 factu
1281 1036 1382 1065 arduis.
1401 1036 1426 1062 in
1444 1044 1573 1070 perpessu
1590 1038 1694 1070 asperis
1715 1038 1748 1063 il-

144 1073 256 1098 lustrius
270 1072 521 1103 dcprchenduntur,
543 1077 671 1106 tanquam
690 1073 776 1099 bonus
793 1073 893 1099 Christi
911 1073 1053 1098 venaticus
1069 1080 1175 1105 semper
1196 1075 1222 1097 ct
1241 1072 1266 1096 in
1289 1072 1414 1098 omnibus
1437 1072 1570 1105 sagaciter
1590 1072 1745 1105 indagabat,

144 1113 169 1133 ct
193 1117 238 1140 pcr
256 1109 298 1133 illa
315 1108 346 1133 ad
364 1116 468 1141 opimas
490 1107 641 1133 animarum
661 1108 765 1141 przedas
784 1116 866 1134 cursu
886 1108 1046 1141 infatigabili
1062 1107 1235 1141 properabat.
1254 1106 1371 1132 Detinuit
1392 1106 1500 1139 quidem
1518 1107 1591 1132 illuni
1609 1107 1747 1141 aliquanto

144 1144 232 1176 spatio
246 1144 310 1168 urbs
325 1143 441 1171 Arelate,
458 1141 504 1167 sed
523 1142 656 1176 ingentem
673 1143 753 1175 paulo
774 1143 905 1176 longioris
922 1142 976 1168 illie
997 1150 1077 1168 inor-,e
1093 1143 1210 1167 l‘ructuin
1228 1141 1298 1167 Deus
1315 1142 1480 1168 ostenderat.
1495 1141 1553 1167 Jani
1569 1140 1651 1173 Nero,
1669 1150 1747 1169 mon-

144 1182 229 1203 struni
250 1178 339 1211 polius
356 1177 474 1202 hominis
490 1185 570 1210 quain
596 1179 685 1207 hoino,
708 1183 840 1212 tyrannus
861 1178 964 1203 scilicct
980 1178 1086 1211 qualem
1103 1177 1190 1202 adhuc
1212 1180 1286 1202 terra
1312 1184 1363 1202 non
1385 1176 1494 1206 tulerat,
1519 1177 1624 1203 cunctis
1646 1184 1745 1204 exosus

144 1213 300 1246 iiiiisusqiie
321 1213 491 1238 mortalibus.
507 1212 612 1238 debitas
628 1221 683 1238 stiae
700 1213 861 1246 ιιηιζιιιῑῑιιῑιιιι
879 1213 1047 1238 crudelitatis
1066 1219 1159 1246 poenas
1176 1211 1228 1237 Deo
1245 1211 1401 1244 sanctisque
1422 1212 1551 1244 apostolis
1571 1212 1745 1240 exsolverat:

144 1256 192 1273 inci·
207 1249 257 1273 aba
281 1247 387 1281 quidem
412 1248 492 1280 (quod
508 1248 694 1277 deterrimam,
711 1253 736 1273 et
755 1255 842 1273 tamen
855 1248 1049 1280 justissimum)
1063 1254 1143 1281 quain
1161 1254 1208 1272 sua
1224 1253 1316 1276 mauu,
1331 1253 1359 1271 ut
1376 1247 1493 1280 pessimo
1508 1247 1612 1272 scilicet
1628 1247 1747 1274 victoriae

143 1291 249 1315 gerici-c,
267 1283 312 1316 qui
328 1283 395 1308 alios
416 1287 477 1308 ante
495 1290 523 1308 sc
540 1290 634 1309 omncs
655 1283 796 1308 barbarica
819 1283 979 1308 crudelitate
1004 1283 1113 1312 vicerat,
1132 1281 1201 1308 idein
1226 1282 1266 1306 sui
1282 1281 1367 1314 ipsius
1392 1288 1457 1307 nece
1481 1282 1599 1312 scipsum
1616 1282 1745 1309 vinceret.

145 1318 198 1342 lloc
216 1318 297 1349 iggitur
315 1322 437 1343 monstro
459 1326 472 1343 e
489 1317 556 1343 vivis
574 1318 691 1347 sublato,
708 1326 769 1343 cuin
787 1318 848 1343 boni
872 1325 967 1343 omncs
984 1318 1127 1350 respirare,
1145 1321 1199 1342 tuin
1216 1316 1256 1342 vel
1273 1317 1390 1342 maxime
1405 1316 1551 1343 Christiani
1572 1321 1670 1342 cuncta
1686 1325 1747 1351 spe-

144 1361 202 1378 rarc
218 1354 243 1378 in
266 1354 323 1379 dics
339 1353 450 1379 meliora
469 1361 474 1377 2
492 1353 590 1386 quibus
608 1353 730 1379 ridelicct
748 1360 799 1379 non
817 1353 957 1378 minimum
980 1352 1169 1386 promovenda:
1186 1356 1285 1377 sanctae
1304 1352 1425 1385 religioni
1442 1356 1631 1386 argumentum
1649 1360 1747 1387 suppe-

143 1388 258 1418 ditabat,
273 1389 344 1421 quod
361 1388 420 1419 ejus
437 1388 629 1421 perquiienitae
651 1388 754 1421 primus
779 1392 874 1413 auctor
898 1388 921 1414 is
943 1387 1050 1419 suisset,
1075 1387 1119 1421 qui
1147 1391 1219 1412 totus
1242 1394 1274 1412 ex
1299 1387 1447 1413 foedissima
1466 1394 1545 1420 atque
1569 1388 1747 1421 spurciss'um

143 1423 268 1449 vitiorum
296 1424 418 1448 omnium
437 1423 553 1449 colluvie
568 1424 711 1453 conflatus,
730 1423 795 1448 nihil
813 1431 877 1454 non,
901 1423 1072 1456 iniquissimo
1088 1422 1218 1448 suadente
1235 1426 1315 1455 atque
1331 1422 1482 1456 impellente
1502 1423 1632 1453 daemone,
1656 1423 1747 1449 haete-

143 1466 194 1484 nus
208 1458 317 1485 tei-crat.
341 1458 499 1484 Doruerunt
518 1458 599 1492 igitur
616 1464 670 1484 tuni
695 1458 840 1493 Dionysius
861 1463 886 1484 et
905 1458 996 1483 cuncti
1018 1457 1165 1483 universim
1188 1457 1307 1482 omnium
1330 1456 1512 1483 Ecclesiarnm
1528 1458 1661 1491 magistri,
1679 1465 1744 1492 pro-

143 1498 233 1527 pterea
249 1494 307 1519 neci
320 1493 398 1519 datos
413 1501 474 1519 csse
487 1496 594 1520 Petrum
614 1498 639 1519 et
655 1493 778 1522 Paulum.
795 1494 863 1520 duos
879 1492 1018 1526 religionis
1038 1496 1137 1519 110SH'ae
1159 1492 1243 1517 inulto
1264 1493 1384 1518 oninium
1405 1493 1631 1519 mansuetissima}
1645 1493 1746 1526 princi-

142 1536 199 1562 pes,
214 1529 284 1561 quod
313 1532 427 1562 tyranno
443 1529 685 1559 truculentissimo,
703 1536 734 1553 ae
756 1528 902 1554 teterrimis
918 1529 977 1561 ejus
1001 1528 1087 1561 geniis
1109 1532 1189 1561 atque
1213 1527 1392 1557 daemonibiis,
1419 1535 1434 1552 a
1453 1535 1568 1561 quorum
1589 1528 1700 1553 arbitrio
1720 1533 1748 1554 et

143 1568 208 1589 nutu
227 1563 346 1589 nct'arius
359 1564 401 1589 ille
418 1564 534 1589 sicarius
548 1568 621 1590 totus
636 1564 779 1597 pendebat,
793 1571 922 1597 generose
935 1563 1050 1588 tuissent
1065 1562 1216 1593 adversati;
1232 1561 1319 1595 adque
1333 1562 1391 1593 ejus
1402 1562 1575 1588 exsecrandis
1589 1562 1746 1589 libidinibus

142 1603 223 1632 atque
245 1598 384 1631 spurcitiis
399 1606 467 1623 verse
481 1599 647 1624 castimoniae
663 1599 831 1624 honestatem
855 1598 1045 1631 praetitlissent.
1069 1597 1105 1623 lta
1127 1605 1180 1622 non
1198 1596 1332 1622 difficilem
1347 1597 1380 1622 ad
1401 1605 1495 1623 eorum
1512 1604 1603 1628 aures,
1618 1598 1663 1631 qui
1683 1598 1745 1624 talia

142 1634 240 1659 mirum
256 1634 281 1658 in
295 1634 402 1658 niodum
412 1633 649 1663 exhorrescebant,
659 1634 759 1659 aditum
771 1641 831 1659 cum
846 1633 1023 1663 invenissent,
1038 1637 1093 1658 tum
1106 1633 1138 1658 ad
1151 1632 1330 1665 expromenda
1349 1632 1407 1658 tidei
1424 1637 1521 1659 nostrie
1535 1633 1694 1658 documenta
1713 1641 1745 1659 co

142 1668 268 1694 tidentius
284 1668 457 1697 accedebant,
476 1676 529 1701 quo
544 1672 621 1694 crant
636 1677 696 1694 cuni
715 1668 812 1694 virtute
830 1673 856 1693 ct
872 1669 975 1694 ratione
998 1668 1195 1701 conjunctiora.
1213 1667 1252 1692 Ad
1278 1667 1349 1700 quod
1365 1667 1472 1700 quidem
1489 1668 1575 1700 palam
1594 1667 1744 1694 faciendum

142 1704 247 1729 valebat
264 1704 306 1729 hic
322 1707 414 1729 noster
431 1704 602 1737 Areopagita,
626 1711 686 1729 cum
710 1704 871 1729 auctoritate
892 1703 980 1737 magni
1004 1703 1132 1733 nominis,
1148 1706 1204 1727 tuin
1226 1702 1359 1736 pi·;ecipue
1382 1702 1531 1728 incredibili
1556 1702 1670 1736 quadam
1691 1710 1747 1729 οω-

143 1739 206 1764 litiis
223 1739 347 1771 inspirati
369 1739 501 1764 sermonis
515 1739 612 1771 firatia,
623 1739 665 1764 cui
675 1742 700 1764 ct
713 1740 752 1764 vis
765 1739 851 1764 inerat
863 1742 888 1763 et
905 1739 981 1772 copia
993 1738 1099 1764 dicciidi
1113 1737 1342 1771 incomparabilis.
1358 1736 1527 1764 Undcbonus
1547 1738 1744 1764 Arelatensium

141 1781 270 1799 nimici-iis
286 1774 385 1799 sensim
401 1782 461 1799 eum
475 1774 584 1804 sectari,
600 1774 742 1808 degustare
756 1774 847 1802 verba,
864 1774 990 1799 demirari
1007 1774 1100 1804 vitani,
1123 1773 1249 1798 adamare
1265 1772 1387 1803 virtutes,
1405 1773 1545 1806 suspicere
1561 1778 1587 1798 et
1604 1773 1744 1806 suscipere

142 1807 325 1842 Evangeliuni,
342 1808 441 1834 Christi
461 1808 530 1833 sacta
548 1809 629 1834 mutis
650 1809 761 1834 deorum
783 1808 937 1835 simulacris
960 1809 1110 1842 composita
1132 1811 1233 1841 quanto
1252 1812 1342 1833 essent
1360 1808 1544 1838 aiitet'ercmta,
1561 1815 1609 1834 suo
1636 1808 1745 1834 silentio

141 1845 270 1876 primuni,
286 1844 384 1869 deinde
400 1852 466 1869 voce
482 1848 508 1869 et
520 1844 739 1877 comprobatione
754 1844 900 1869 contestari
914 1852 920 1875 ;
937 1848 1073 1877 postremo
1089 1843 1200 1869 deorum
1224 1850 1335 1868 suorum
1356 1844 1491 1876 potentiae,
1508 1851 1575 1877 quos
1599 1843 1708 1877 impune
1729 1850 1744 1869 a

141 1879 304 1905 Christianis
330 1878 466 1905 contemni
486 1882 513 1904 ct
535 1879 729 1905 imbecillitatis
757 1879 878 1912 sugillari
901 1879 1033 1909 viderent,
1057 1878 1187 1912 paulatini
1208 1877 1344 1906 diffidere:
1366 1886 1426 1904 euin
1444 1886 1507 1904 vero
1526 1882 1552 1904 et
1574 1878 1695 1912 prodigia
1717 1878 1744 1904 in

141 1914 249 1940 nomine
262 1913 324 1939 Jesti
342 1914 397 1947 (qui
415 1914 525 1939 honoris
539 1915 623 1947 gratia
637 1914 714 1940 nobis
732 1921 838 1948 semper
855 1915 1035 1940 nominandus
1053 1914 1105 1947 est)
1121 1920 1306 1947 saepeiiumero
1322 1913 1392 1938 sacta
1409 1920 1479 1944 csse,
1496 1918 1523 1939 et
1539 1921 1592 1939 non
1609 1920 1670 1939 raro
1686 1912 1743 1940 sieri

141 1949 252 1979 scirent,
271 1957 318 1975 seu
340 1950 365 1975 in
387 1949 528 1983 abigendis
542 1949 720 1978 daemonibus,
736 1957 783 1975 seu
806 1949 832 1974 iii
849 1949 1040 1983 propulsandis
1057 1949 1168 1979 morbis,
1184 1952 1238 1973 tum
1255 1952 1346 1981 aperte
1361 1948 1483 1981 religioni
1507 1956 1602 1974 inaniis
1623 1948 1697 1980 dare,
1718 1953 1744 1974 et

141 1984 238 2009 divinat
253 1985 345 2009 virtuti
364 1984 451 2010 fasces
468 1984 539 2009 haud
556 1985 638 2011 invite
653 1984 821 2011 submittere.
838 1985 895 2010 Non
910 1992 984 2018 prius
998 1985 1078 2018 'igitur
1093 1990 1240 2017 generosus
1251 1983 1351 2009 Christi
1364 1983 1464 2009 athleta
1483 1983 1610 2010 discessit
1624 1982 1744 2015 Arc-late,

140 2027 220 2052 quam
238 2024 263 2044 ct
282 2019 394 2044 multum
411 2020 460 2044 suh
478 2019 554 2044 ducis
570 2020 612 2046 sui
635 2019 731 2045 vexillo
749 2019 877 2053 populum
892 2019 1112 2053 conscripsisset,
1129 2023 1155 2044 et
1173 2019 1250 2052 longe
1271 2018 1422 2044 clarissima
1444 2026 1499 2044 suat
1520 2018 1627 2044 virtutis
1645 2018 1742 2044 ibidem

141 2054 294 2087 reliquisset
310 2055 442 2088 impressa
460 2054 581 2087 vestigia.
598 2054 661 2079 Erat
678 2054 741 2079 inibi
757 2054 848 2080 l'aniim
860 2054 1006 2087 quoddam,
1021 2054 1110 2087 populi
1124 2053 1198 2079 cultu
1211 2061 1242 2078 ac
1256 2053 1429 2079 veneratione
1444 2054 1470 2079 in
1488 2053 1582 2086 primis
1598 2057 1741 2086 augustuni

142 2096 172 2113 ac
192 2090 308 2118 celebre,
335 2089 360 2114 in
377 2096 431 2122 quo
452 2088 545 2114 Martis
562 2093 649 2115 statua
667 2090 702 2122 (lo)
726 2090 842 2123 publicis
864 2089 1069 2122 impertiebatur
1086 2089 1234 2114 honoribus
1254 2095 1260 2112 z
1279 2089 1347 2114 hanc
1370 2091 1486 2114 statuam
1514 2088 1666 2122 Dionysius,
1689 2095 1745 2121 quo

142 2131 231 2148 voram
250 2124 329 2149 unius
353 2124 398 2149 Dei
427 2124 572 2157 potentiam
606 2129 750 2155 astrueret,
776 2125 832 2150 sola
857 2124 941 2150 divini
964 2123 1081 2149 nominis
1107 2123 1275 2149 invocatione
1297 2123 1414 2156 disjecit,
1438 2124 1623 2157 ditl'regitque;
1651 2123 1741 2148 t'aiiuin

141 2166 204 2184 vero
227 2158 313 2192 ipsum
327 2159 399 2184 omni
423 2160 553 2184 hactenus
569 2166 708 2184 sacrorum
722 2159 951 2185 exsecrandorum
967 2158 1134 2192 turpitudine
1156 2158 1336 2191 inquinatum,
1350 2162 1376 2184 et
1389 2158 1556 2185 stultis-sinim
1571 2158 1743 2192 supersittio-

141 2194 183 2219 nis
199 2193 386 2227 indignissima
403 2194 520 2219 vanitate
536 2194 678 2227 pollutum.
701 2202 761 2219 cuin
780 2193 830 2219 rite
851 2197 1052 2227 pei-purgasset,
1076 2194 1256 2220 sanctissimis
1273 2194 1413 2219 beatorum
1431 2194 1615 2226 apostolorum
1631 2192 1702 2219 Petri
1715 2196 1742 2218 ct

140 2227 215 2254 Pauli
230 2229 384 2254 nominibus
400 2233 425 2254 ct
442 2228 601 2259 honoribus,
618 2237 671 2254 non
689 2229 772 2254 invito
792 2230 890 2262 populo
908 2229 1017 2263 (quippe
1034 2233 1198 2262 patratorum
1215 2229 1248 2254 ab
1269 2229 1301 2255 iis
1318 2229 1502 2262 prodigiorum
1516 2228 1570 2261 jain
1586 2228 1696 2253 conscio
1713 2232 1741 2253 et

139 2263 311 2297 :nliiiii·;·.toi·e)
327 2264 506 2293 consecravit,
524 2264 675 2297 ibidemque
691 2264 877 2297 baptisterium
891 2263 1070 2297 originalibus
1082 2263 1225 2289 eluendum
1242 2264 1354 2290 maculis
1367 2263 1518 2289 collocavit.
1532 2263 1598 2290 Nam
1613 2262 1740 2288 iiiiriticas

139 2306 232 2324 corum
251 2303 363 2325 virtutes
378 2302 404 2323 ct
421 2298 536 2332 insignia
553 2299 579 2324 in
596 2306 690 2324 omnes
704 2299 831 2324 mortales
856 2299 984 2324 beneticia
1001 2305 1069 2331 (quat
1085 2299 1181 2332 partini
1199 2299 1225 2324 in
1248 2298 1453 2332 Evangelioruni
1469 2298 1571 2328 codice,
1590 2297 1686 2331 partim
1712 2296 1739 2322 iii

139 2342 170 2357 co
188 2334 233 2366 qui
250 2334 332 2359 Actus
351 2334 535 2366 apostolorum
552 2334 719 2363 inscribitur,
738 2334 824 2359 l‘usitis
846 2338 981 2367 repertum
999 2334 1029 2359 iri
1046 2334 1192 2367 indicabat)
1214 2333 1331 2359 breviter
1347 2334 1399 2360 illis
1411 2337 1590 2367 exposuerat;
1610 2332 1740 2365 quemad-

140 2369 248 2392 modum
267 2368 363 2394 Petrus
379 2369 493 2398 scilicet,
507 2369 584 2401 quasi
599 2369 734 2403 quispiam
749 2369 810 2394 vitae
824 2369 971 2401 iiiort'isque
982 2369 1164 2402 dispensator,
1178 2369 1236 2394 solo
1255 2369 1338 2394 verbo
1353 2370 1419 2394 alios
1435 2368 1541 2401 quidcin
1555 2367 1613 2393 neci
1632 2370 1740 2399 propter

140 2403 218 2435 nupia
243 2404 344 2429 scelera
366 2403 531 2434 tradidisset,
549 2404 616 2430 alios
632 2408 721 2429 autem
741 2407 801 2429 vitae
816 2404 850 2429 ob
871 2403 968 2429 eximia
989 2403 1128 2429 benefacta
1150 2403 1320 2429 reddidisset.
1346 2403 1411 2429 Nam
1434 2403 1565 2428 Ananiam
1582 2402 1689 2435 quidem
1712 2405 1739 2427 et

140 2437 281 2470 saphiram
303 2439 480 2469 memorabat,
500 2443 641 2472 propterea
657 2439 727 2472 quod
753 2439 858 2465 mentiti
876 2442 966 2465 essent
985 2438 1095 2472 Spiritui
1113 2444 1217 2469 sancto,
1238 2438 1270 2464 ad
1294 2438 1380 2464 saneti
1401 2438 1471 2464 Petri
1490 2445 1581 2462 vocem
1602 2436 1740 2462 corruisse

139 2476 260 2497 mortuos
278 2478 287 2490 ²
304 2471 464 2499 z'l‘aliithain
481 2482 542 2499 vero
563 2474 719 2507 pi·;cclai·aiii
736 2473 863 2500 Ecclesia!
877 2474 1048 2506 discipulam,
1065 2481 1079 2498 a
1097 2477 1194 2507 pictate
1217 2474 1242 2499 in
1265 2474 1359 2499 viduas
1377 2472 1603 2502 commendatam,
1618 2471 1652 2497 ab
1668 2471 1736 2497 iiil'e-

139 2506 176 2532 ris
195 2507 315 2539 cjusdciii
331 2513 443 2534 evocatu
458 2509 509 2533 luci
527 2518 587 2535 csse
607 2509 736 2535 redditam
753 2515 765 2527 ⁴¹
784 2518 789 2534 :
809 2509 874 2542 quin
889 2513 915 2534 et
929 2509 984 2534 sola
999 2509 1058 2539 cius
1079 2509 1173 2534 umbra
1191 2516 1367 2542 quoscunque
1381 2508 1502 2533 intirmos
1524 2507 1648 2540 perfecta:
1665 2513 1740 2532 sain-

139 2541 186 2565 tati
207 2550 266 2567 csse
282 2544 421 2569 restitutos
442 2544 465 2570 ¹¹.
483 2543 595 2569 Paulum
611 2548 699 2569 autem
716 2552 730 2569 e
743 2544 844 2570 Christi
860 2548 1034 2577 persecutore
1048 2543 1211 2577 discipulum
1235 2550 1426 2576 nonnunquam
1444 2543 1469 2567 in
1490 2542 1573 2568 ctelos
1590 2546 1694 2574 raptum
1712 2545 1737 2571 ὓ,

138 2584 168 2600 ca
185 2576 250 2601 inibi
268 2578 366 2603 vidisse
381 2578 582 2612 :iiidix'isseque,
600 2579 699 2613 quibus
715 2579 890 2605 enuntiandis
905 2578 976 2604 nulla
997 2578 1086 2612 lingua
1104 2579 1210 2610 idonea,
1229 2579 1300 2604 nulla
1316 2586 1363 2611 pai·
1377 2586 1438 2604 esse
1455 2581 1544 2610 posset
1562 2578 1667 2606 orattot
1689 2575 1738 2601 sed

138 2610 330 2636 miraculorum
350 2621 460 2646 insuper
476 2622 586 2639 minime
600 2614 750 2648 vulgarium
768 2614 869 2647 l'ulgore
885 2613 1026 2647 insigniter
1039 2621 1209 2640 coruscasse.
1225 2612 1290 2638 Nam
1305 2617 1332 2638 et
1350 2612 1468 2646 Elymam
1486 2620 1591 2646 magum
1607 2610 1738 2636 doctrinae

137 2645 236 2672 titir'isti
250 2646 433 2676 resistcnteiu,
452 2649 476 2673 in
497 2649 554 2681 ‘ipso
569 2648 651 2683 469
666 2653 802 2674 momento
817 2649 903 2675 oculis
919 2649 1030 2674 orbasse
1045 2648 1056 2665 ¹¹
1072 2657 1078 2680 3
1095 2653 1121 2673 ct
1136 2649 1202 2674 alias
1222 2648 1335 2674 infirmis
1353 2648 1429 2680 longe
1455 2647 1578 2679 plurimis
1594 2645 1737 2672 incolumi-

139 2684 230 2711 tatem,
251 2682 365 2706 mortuis
382 2690 442 2707 vcro
460 2684 541 2708 ctiam
559 2684 696 2709 nonnullis
719 2684 848 2709 amissam
866 2685 948 2709 vitain
968 2683 1129 2714 redonasse,
1146 2683 1262 2716 «lenique
1282 2683 1317 2708 ita
1340 2686 1484 2715 utrumque
1498 2682 1606 2709 vixisse.
1625 2684 1653 2706 ut
1668 2679 1736 2719 nihil

139 2723 256 2749 unquam
274 2716 301 2741 in
317 2716 436 2742 moribus
452 2721 529 2750 turpe
544 2722 590 2743 aut
606 2719 731 2744 vitiosum
746 2728 751 2750 ;
775 2719 811 2744 ita
832 2718 969 2749 docuisse,
987 2722 1015 2743 ut
1038 2719 1104 2744 nihil
1121 2719 1146 2744 in
1161 2719 1282 2745 doctrina
1299 2717 1396 2743 salsum
1413 2721 1458 2743 aut.
1481 2716 1682 2750 pci·niciosutii;
1699 2719 1736 2740 ita

139 2756 272 2783 posti-cmo
287 2750 446 2781 excessisse,
469 2756 497 2777 ut.
520 2753 585 2777 nihil
609 2754 634 2779 iii
659 2755 751 2780 inortc‘
769 2754 903 2786 objectum
925 2757 971 2779 aut
994 2753 1202 2785 ignominiosum
1222 2752 1384 2780 deprehendi
1409 2760 1423 2777 a
1446 2759 1593 2787 quoquam,
1613 2754 1658 2776 aut
1675 2750 1737 2784 jure

178 2832 255 2855 Ἀοι.
272 2838 297 2860 v,
315 2830 337 2856 l.
378 2836 389 2848 ⁴³
406 2830 465 2856 Act.
484 2837 520 2861 ix,
536 2830 579 2856 δυ’.
620 2832 632 2850 1»
649 2833 706 2857 Act.
726 2840 750 2860 v,
770 2832 808 2857 15.
850 2838 859 2848 ι·
880 2830 899 2856 tt
915 2830 977 2857 Cor.
995 2838 1042 2862 ιιι,
1058 2831 1083 2857 t.
1122 2830 1134 2849 <¹
1152 2831 1210 2856 Act.
1228 2837 1286 2860 xiii,
1302 2831 1327 2856 3.
