1860 2961
135 51 186 79 ⁷89
622 47 711 81 t'tTA,
729 48 831 75 AUCT.
854 47 883 75 P.
903 47 1051 76 tuttotx
1071 48 1145 76 SOC.
1164 49 1254 75 JESI'.
1694 52 1744 78 7150

134 107 331 142 paucissimos:
348 114 459 141 ecquos,
477 107 597 141 inquam.
614 110 711 142 praeter
724 105 784 132 illos
800 105 933 135 invenias.
949 113 1018 139 qnos
1031 106 1073 132 alii
1089 115 1122 132 no
1139 106 1218 132 niodo
1233 113 1294 131 enm
1309 105 1437 140 Dionysio
1451 106 1575 132 conferre
1593 107 1698 140 possis?
1711 106 1743 134 lit

132 148 221 169 tamen
238 142 287 176 ipsi
305 142 381 168 Titus
393 147 419 168 et
435 142 595 168 Timotheus
621 144 661 176 (ut
676 149 691 168 e
703 141 809 167 duobus
837 141 995 174 cottjeetura
1017 141 1051 167 sit
1066 115 1098 167 de
1116 141 1187 175 aliis)
1213 141 1312 174 recepti
1328 148 1342 166 c
1362 141 1431 167 emto
1448 141 1559 167 luminis
1574 142 1688 175 palmam
1704 142 1743 167 ei-

131 177 191 203 dem
205 178 330 204 videntur
349 177 476 211 Dionysio
498 178 638 204 detulisse.
668 176 734 202 Nam
749 181 776 202 et
801 176 875 202 illum
898 184 1082 209 saepenumero
1114 184 1196 209 super
1222 177 1302 202 rebus
1316 176 1513 202 ‹hilicilioribus
1530 177 1702 207 consuluere,
1716 181 1743 203 et

132 212 326 246 implicatiores
343 221 483 238 sacrarum
503 212 704 246 Scripturarum
722 211 807 237 nodos
821 211 896 236 abeo
910 211 1080 244 postulavere
1097 211 1211 238 exsolvi.
1236 210 1273 236 n·-
1295 219 1359 237 vero
1380 211 1516 245 quispiam
1547 211 1742 244 imprmlenter,

131 254 164 272 ne
180 247 266 273 dicam
288 247 378 281 impie.
397 248 531 274 exis-timet
554 255 679 280 inagnum
698 246 772 272 illum
800 246 910 279 justitiae
927 246 1010 272 solem
1034 246 1086 272 illis
1110 250 1214 272 tantum
1238 246 1331 279 primis
1347 247 1464 276 szeeulis.
1483 250 1509 271 et
1529 247 1743 280 supet-excelsos

130 280 258 307 duntaxat
276 282 336 309 illos
348 287 453 309 montes
468 282 570 316 copiosi
583 282 624 308 sui
640 281 749 308 luminis
769 280 916 313 jaculatum
934 289 994 306 esse
1014 280 1114 311 radios.
1127 286 1153 307 et
1168 281 1322 306 abditorum
1339 281 1530 315 mysteriorum
1547 289 1684 308 reserasse
1700 288 1743 306 ar-

131 324 217 347 caua;
239 325 311 343 nuuc.
325 321 413 343 atttem
430 318 503 343 velut
523 321 632 343 senecta
648 320 726 342 :etate
750 316 901 355 parciorem
918 316 1054 344 ellectum.
1076 324 1125 341 nee
1149 316 1307 350 splendores
1323 316 1392 342 ullos
1406 317 1540 346 emittere.
1556 321 1581 343 et
1598 316 1742 342 revelatio-

131 358 194 376 num
211 351 281 378 dona
300 352 325 378 iu
343 352 403 379 siun
420 352 577 378 abscondita
601 352 732 378 retinere:
750 359 772 377 ts
794 358 843 384 pro
868 355 943 376 certo
966 355 991 376 et
1016 351 1155 384 explorato
1182 351 1278 377 habeat
1300 351 1494 377 itmuutabilein
1517 359 1577 378 esse
1599 350 1693 382 Deum,
1711 358 1742 376 ac

131 386 242 419 proinde.
256 387 381 413 oinuibus
397 388 522 413 aetatibus
537 394 658 421 peraeque
680 386 824 420 benignum
837 389 863 411 et
881 386 1029 415 liberalem.
1047 393 1184 418 uunquam
1201 394 1215 411 a
1235 393 1345 411 suornm
1366 387 1524 419 profusione
1540 386 1683 417 donorum,
1698 385 1741 411 ubi

129 421 238 454 quidem
256 430 318 448 rasa
341 423 437 455 reperit
452 423 548 448 idonea
568 423 604 454 (et
623 428 686 448 vero
698 429 804 455 semper
820 421 909 453 aliqua
926 420 1035 454 reperit)
1050 420 1199 450 destitisse.
1217 425 1263 446 aut
1287 421 1479 447 destitutorum
1497 430 1567 448 esse.
1581 422 1666 455 Atque.
1686 421 1741 446 uti-

130 463 190 481 ιιιιιιι
209 457 331 490 quidem.
349 465 429 490 ιμιιιιιι
446 461 574 491 proinptze
591 460 654 484 sunt
677 456 723 482 Dei
749 463 845 482 manus·
863 455 894 481 ad
920 455 1150 489 profundendum.
1170 460 1224 481 tam
1243 460 1342 488 parmae
1358 456 1412 482 sint
1438 456 1577 482 hominumn
1592 460 1695 482 mentes
1708 455 1740 480 ad

129 490 318 524 exeipiemlum
332 493 337 517 l
356 492 446 526 Neque
457 493 528 518 enim
539 501 552 518 a
566 491 630 523 Deo,
645 491 800 526 qui-namra
815 499 863 517 sua
884 498 990 524 semper
1006 490 1074 516 idem
1091 494 1142 521 est.
1156 498 1263 524 semper
1278 489 1365 521 dives.
1385 499 1493 525 semper
1519 491 1618 522 bonus,
1635 498 1741 524 setuper

130 525 236 559 largus;
254 526 299 553 sed
314 527 347 553 ab
359 528 477 557 homine.
492 528 537 561 qui
554 536 603 553 nee
619 530 766 560 egestatem
779 534 856 552 suam
871 525 955 555 norit.
971 533 1019 550 uec
1035 532 1111 551 veras
1124 533 1189 560 opes
1205 525 1311 559 (puerit,
1329 526 1470 551 immemor
1487 525 1544 556 Dei.
1563 526 1673 560 ignarus
1687 526 1740 556 sui,

129 560 163 586 ab
179 562 501 594 ipsminquam.bomine.
520 570 572 587 non
588 569 601 587 a
617 562 670 587 Deo
687 562 800 587 istorum
822 560 1075 587 eontniunicationis
1100 561 1232 587 bonorum
1258 561 1355 586 raritas
1371 565 1396 586 et
1415 561 1512 586 uisentis
1527 561 1639 595 penuria
1657 561 1741 594 pioll-

128 595 250 622 ciseitnr.
269 596 424 623 Lieetenim
443 597 501 627 tibi.
515 597 575 623 lieet
591 597 668 623 alteri
692 596 766 630 paria
783 596 910 629 Dionysio
930 596 1061 628 recipere.
1080 596 1102 621 si
1122 596 1196 630 paria
1220 595 1346 630 Dionysio
1368 595 1481 622 feceris:
1505 595 1539 621 ita
1556 596 1694 626 nimirum.
1713 600 1742 621 ιιι

128 629 184 657 baee
203 631 302 657 habeas
316 640 375 665 quae
392 637 417 657 et
433 632 586 661 Dinursius.
597 631 800 665 primoquidem
816 631 854 656 tui
872 638 993 665 magnam
1010 630 1192 663 cognitionem
1208 634 1234 657 et
1249 630 1480 664 perspicientiam.
1491 634 1519 656 ut
1534 631 1600 656 alios
1613 630 1659 656 tibi
1673 638 1741 664 prte-

128 664 210 695 feras.
229 671 252 692 tc
268 667 384 698 uemim;
397 663 625 693 ‹tenun-'nwnnun
641 675 695 692 uon
711 674 725 692 a
742 665 914 700 gravioribus
931 669 1035 691 tautum
1051 666 1170 699 flagitiis,
1188 665 1233 692 sed
1248 674 1262 691 a
1275 666 1396 691 'tuiuimis
1411 673 1519 699 quoque
1534 665 1633 693 noxiis,
1651 666 1740 698 quoad

127 701 234 734 assequi
255 700 308 728 Deo
323 702 434 735 juvante
450 702 551 732 valeas,
567 701 683 727 maxime
698 709 793 735 puram
809 708 837 726 ae
855 701 967 726 liberam
979 709 985 731 ;
999 704 1054 726 tum
1070 708 1132 727 vero
1149 705 1261 727 cunctas
1283 700 1365 726 animi
1382 701 1540 727 affectiones
1555 700 1680 735 wquabili
1698 709 1741 726 re-

125 739 175 761 otte
193 736 305 763 rationis
323 737 435 763 arbitrio
447 737 554 770 egregie
570 737 686 763 domitas
698 741 778 770 atque
792 735 975 768 subjecimus-3
996 743 1090 769 nempe
1106 739 1134 761 ut
1149 740 1257 762 terrena
1276 735 1377 765 onmia.
1393 740 1418 762 et
1440 744 1609 770 quaeeunque
1628 738 1678 762 sub
1694 743 1741 769 pe·

126 770 215 800 dibus.
232 772 303 797 relut
325 772 441 806 quodam
468 773 564 798 dehine
584 771 792 804 contemptionis
809 771 950 804 praesagio.
966 773 991 796 te
1007 770 1106 797 habere
1128 771 1214 801 vides,
1238 778 1292 796 non
1309 771 1404 804 pluris.
1426 779 1507 805 quatu
1522 771 1578 805 ipsa
1594 778 1656 796 vere
1672 771 1738 802 siut.

127 805 227 832 facias:
247 812 373 840 tantoque
390 807 479 833 miuus
495 807 603 841 corpori
619 815 700 840 quam
716 807 810 832 animie
828 806 945 835 tribuas.
959 809 1061 838 quanto
1082 806 1172 832 minus
1198 814 1276 832 servo
1297 805 1455 839 aueisszeque
1469 806 1560 832 deberi
1576 806 1641 836 scis.
1658 814 1739 839 quam

127 841 247 867 anthero
267 847 312 868 ιιιιι
328 842 459 867 domin-e:
475 847 501 867 ιιι
518 842 602 875 prima
618 841 730 875 proinde
741 845 767 867 et
782 841 897 866 maxima
915 840 1057 874 pasicudae
1073 841 1171 867 tuentis
1188 848 1251 867 cura
1264 841 1310 871 sit,
1329 845 1466 874 postrema
1481 841 1621 875 corporis:
1639 849 1690 866 neu
1707 840 1740 866 de

126 875 187 900 cibo
205 877 347 909 potionere
364 877 461 909 (inulto
473 881 561 903 autem
578 876 666 902 minus
687 876 719 902 de
734 875 850 905 deliciis,
869 883 928 909 quae
944 875 1028 901 solius
1042 883 1102 902 esse
1115 876 1213 901 debent
1227 876 1334 909 animae)
1352 876 1402 901 uisi
1416 875 1560 902 admodum
1587 875 1738 907 moderate,

125 914 150 936 et
167 912 354 937 tantummodo
370 915 397 936 ιιι
414 920 512 945 eorpus
539 911 716 940 sustineatur.
738 918 839 944 parque
853 910 887 936 sit
903 910 1070 936 sustinendis
1087 910 1235 940 laboribus,
1257 911 1369 945 cogites.
1384 910 1517 937 l‘raeterea
1534 910 1638 943 laudes,
1655 913 1741 936 hono-

126 952 179 976 res.
192 945 347 979 dignitates.
362 946 480 977 divitias.
501 948 576 972 laune
595 946 789 975 celebritatem.
805 945 894 979 magui
909 945 1027 970 nominis
1040 946 1165 979 gloriam,
1188 946 1293 980 altaque
1309 946 1387 979 vulgo
1410 946 1549 972 homiuum
1565 954 1660 979 magna
1677 946 1739 979 (etsi

125 982 313 1012 spectantibus
328 981 411 1007 benni
429 988 560 1015 perparva
583 981 648 1012 sint)
664 988 718 1006 non
735 979 814 1006 modo
832 988 885 1005 non
901 983 1022 1013 appetas,
1041 980 1087 1006 sed
1108 981 1190 1006 ctiam
1207 980 1321 1007 iuternse
1344 981 1416 1014 pacis
1441 985 1576 1014 respectu,
1592 986 1617 1007 et
1632 985 1740 1006 :eternae

123 1015 216 1048 gloria:
231 1016 321 1042 studio
338 1016 444 1042 fortiter
461 1016 579 1049 rejicias.
598 1015 663 1041 Post
684 1016 739 1041 lizec
756 1020 845 1041 autem
864 1014 890 1040 id
907 1022 999 1044 cures.
1017 1014 1042 1040 id
1061 1015 1175 1041 viriliter
1192 1015 1311 1046 studeas.
1331 1016 1357 1042 ιιι
1379 1016 1404 1042 id
1417 1020 1485 1046 toto,
1502 1016 1572 1050 quod
1592 1016 1738 1049 aiunt,pe·

123 1055 197 1076 etcre
225 1051 377 1081 incumbas.
396 1055 450 1077 tota
467 1055 496 1077 ut
511 1051 639 1085 cogitatio
651 1054 696 1076 tua
723 1050 749 1076 in
771 1050 817 1076 Dei
841 1050 978 1084 agnitione
993 1054 1019 1075 et
1036 1049 1062 1076 in
1077 1050 1136 1083 ejus
1156 1051 1323 1077 infinitarum
1344 1051 1524 1077 :estimatione
1540 1051 1737 1084 perfectionum

123 1084 211 1110 u'clixa
226 1086 271 1116 sit,
289 1090 344 1112 tota
362 1090 390 1111 ut
410 1087 540 1112 memoria
558 1086 583 1111 iu
600 1085 792 1111 beneficiorum
809 1088 835 1111 et
849 1085 980 1110 factorum
997 1084 1056 1119 ejus
1072 1085 1271 1111 :ulmirabiliutn
1284 1089 1360 1120 grata
1390 1086 1578 1112 recordatione
1593 1086 1736 1116 inhaeream

122 1119 237 1153 denique
251 1125 278 1146 nt
292 1121 427 1151 voluntas.
438 1125 463 1147 et
479 1121 602 1150 allectus.
612 1124 636 1146 et
651 1120 824 1150 desiderimn.
840 1125 866 1146 et
881 1119 1010 1154 quidquid
1026 1125 1067 1146 est
1081 1120 1166 1147 tidelis
1187 1121 1294 1151 aninue,
1310 1121 1427 1147 inimico
1442 1120 1496 1147 Deo
1508 1126 1534 1147 et
1548 1121 1626 1147 unice
1641 1121 1739 1147 dllecto

122 1155 260 1186 continue.
277 1156 364 1190 quotid
383 1156 441 1188 ejus
459 1157 515 1182 lieri
533 1160 630 1189 potest.
646 1156 819 1182 immoretur:
838 1155 874 1181 ita
892 1160 920 1181 ut
939 1155 1021 1188 (quod
1044 1155 1113 1181 idem
1131 1160 1223 1183 noster
1237 1155 1445 1182 commendabat
1461 1156 1616 1191 Dionysius)
1635 1155 1681 1181 Dei
1698 1160 1739 1181 to-

122 1193 166 1215 tus
183 1191 230 1218 sis.
244 1195 267 1217 ct
288 1198 301 1216 a
315 1196 339 1216 te
353 1195 424 1216 totns
444 1191 571 1217 excedas.
589 1190 665 1222 Quod
678 1191 699 1217 si
712 1193 803 1222 etiam.
821 1190 942 1223 ejusdem
968 1191 1055 1216 sancti
1074 1190 1209 1224 pontilicis
1232 1192 1365 1224 exemplo,
1383 1192 1516 1225 susceptis
1532 1199 1580 1225 pro
1597 1191 1649 1217 Deo
1662 1190 1737 1216 labo-

123 1225 198 1251 ribus
213 1225 356 1255 delcetere.
371 1225 453 1260 478
468 1234 568 1260 eosque
586 1227 657 1252 ultro
673 1231 794 1259 appetas.
807 1230 833 1251 et
849 1229 911 1250 ante
925 1225 1042 1258 quietem
1059 1230 1085 1251 et
1104 1225 1190 1251 otium
1209 1233 1303 1260 ponas,
1325 1226 1450 1260 quodque
1462 1227 1582 1252 omnium
1600 1231 1640 1252 est
1653 1226 1740 1251 maxi-

122 1267 206 1291 mum,
227 1268 275 1294 pro
289 1261 398 1287 Christo
415 1262 480 1294 pati.
499 1266 523 1287 ct
540 1261 666 1294 quaelitmt
693 1261 871 1287 acerbissima
888 1261 1035 1291 sustinere,
1062 1261 1195 1294 supplicia
1221 1261 1341 1287 omnium
1361 1262 1526 1294 voluptatum
1540 1265 1565 1287 et
1581 1260 1738 1287 deliciarum

123 1294 182 1321 loeo
199 1296 313 1327 babeas;
329 1301 385 1321 tuni
400 1304 463 1321 vero
478 1297 556 1330 longe
580 1296 816 1330 pt·;i·statitioi·ibtts
833 1296 910 1321 bonis
927 1296 1017 1320 allluet
1035 1302 1065 1321 ac
1082 1295 1240 1322 dilatabitur
1255 1304 1302 1321 eor
1314 1300 1401 1326 ιιιιιιιι,
1415 1301 1440 1321 et
1456 1305 1508 1322 non
1531 1296 1610 1322 modo
1633 1295 1739 1322 divina-

122 1337 181 1355 rnm
198 1331 319 1357 ubertate.
335 1331 539 1362 revelationum.
557 1331 603 1357 sed
617 1331 731 1356 aliorum
756 1338 863 1365 quoque
879 1330 989 1356 insimul
1006 1330 1167 1356 eximiorum
1188 1331 1321 1357 donorum
1339 1331 1516 1362 abundantia,
1541 1336 1568 1357 ut
1585 1331 1688 1357 artuicus
1705 1329 1738 1355 ab

121 1365 219 1393 amieo.
237 1371 266 1391 ut
291 1366 432 1392 familiaris
447 1374 461 1391 a
478 1366 616 1396 l'aniiliari.
633 1366 776 1392 confertim
795 1365 979 1391 cumulabere.
997 1364 1047 1396 Qui
1063 1365 1135 1391 euim
1157 1371 1313 1392 sanctorum
1335 1365 1452 1392 induerit
1475 1374 1575 1397 mores,
1593 1370 1619 1392 et
1631 1365 1738 1392 divinos

121 1399 259 1426 imbiberit
284 1409 406 1430 amores:
420 1400 488 1427 idem
507 1401 578 1427 baud
600 1401 681 1427 dubie
695 1405 721 1427 et
737 1401 807 1427 dona
830 1404 1013 1434 consequetur
1034 1406 1201 1431 sanctorum,
1216 1406 1241 1427 ct
1255 1401 1311 1435 pari
1328 1408 1388 1427 eum
1404 1401 1456 1427 illis
1472 1402 1563 1435 gloria:
1578 1404 1739 1427 ornamento

121 1436 308 1462 cortmabitur.
326 1435 408 1462 lrisse
423 1444 485 1461 rero
503 1436 661 1470 Dionysium
676 1444 722 1469 per
739 1437 821 1462 hosce
834 1443 927 1461 omncs
947 1435 1060 1468 gradus,
1084 1440 1110 1461 et
1125 1436 1168 1461 illa
1183 1436 1295 1462 omuino
1307 1436 1349 1461 via
1369 1435 1400 1461 ad
1417 1444 1573 1471 supremum
1588 1436 1658 1462 istud
1673 1443 1739 1461 san-

121 1469 223 1497 ctitatis
241 1479 321 1504 quam
338 1471 451 1504 a-leptus
467 1476 517 1500 est.
540 1475 566 1497 et
587 1471 778 1497 illustrationis
793 1479 846 1504 qua
863 1470 989 1503 perfusus
1008 1474 1060 1500 est,
1088 1470 1228 1504 fastigium
1255 1471 1401 1497 tetendisse
1417 1479 1447 1497 ae
1472 1471 1638 1506 pervenisse.
1653 1471 1738 1496 inulto

120 1504 302 1531 clarissimum
317 1506 406 1532 ferunt
418 1506 495 1539 juxta
511 1509 537 1531 ct
553 1506 748 1537 certissimum.
763 1510 817 1532 tam
833 1505 947 1531 aliorum
965 1513 1046 1538 quam
1062 1505 1203 1539 ipsiusmet
1221 1506 1335 1540 scripta,
1350 1506 1482 1539 judicium
1499 1511 1524 1532 et
1541 1505 1737 1533 testimoninm.

120 1537 227 1566 Dealiis
241 1546 329 1566 antem
347 1541 428 1567 claris
445 1541 521 1570 rii-is.
541 1542 586 1574 qui
609 1549 656 1576 per
671 1541 782 1567 eosdem
799 1541 880 1567 ealles
896 1540 952 1567 suis
971 1540 1087 1574 quisque
1106 1541 1132 1566 in
1151 1541 1288 1572 aetatibus.
1321 1549 1406 1575 usque
1420 1541 1452 1568 ad
1469 1541 1539 1568 hanc.
1557 1542 1642 1574 ipsam
1656 1548 1736 1574 quam

119 1573 301 1606 decurrimus.
322 1576 415 1602 eodem
430 1585 483 1610 quo
503 1576 648 1610 Dionysius
664 1576 764 1609 fastigii
784 1575 1002 1601 conseemlerunt
1019 1575 1146 1609 (quorum
1166 1584 1214 1602 uos
1228 1576 1336 1610 quidem
1364 1577 1510 1604 nonnullos
1528 1577 1554 1602 ιιι
1568 1583 1738 1608 consequeu-

120 1608 193 1636 tibus
206 1611 360 1642 atl‘eremus,
379 1611 425 1637 sed
443 1611 575 1645 plurimos
587 1612 647 1638 aliis
662 1611 842 1645 scriptoribus
855 1611 1051 1644 relinquemus)
1065 1618 1216 1637 memorare
1231 1612 1312 1649 hujus
1324 1619 1378 1638 non
1391 1616 1431 1639 est
1447 1612 1574 1639 instituti.
1589 1610 1649 1638 Jatu
1666 1610 1738 1638 enim

118 1643 151 1670 ad
165 1645 217 1672 alia
230 1645 351 1680 Dionysii
364 1646 463 1673 decora
476 1654 587 1673 cursum
608 1647 785 1673 intendimus.

784 1759 866 1795 479
880 1759 993 1787 CAPUT
1013 1759 1070 1786 XV.

372 1815 494 1851 Dionysii
509 1817 539 1843 ιιΙ)
554 1818 676 1844 extremis
692 1816 839 1845 Domitiani
855 1819 1014 1853 [emporibus
1037 1827 1115 1853 usque
1131 1818 1164 1844 nd
1186 1818 1330 1851 Trajamon
1348 1826 1387 1844 res
1402 1823 1489 1852 qestoe.

155 1871 220 1905 Ejus
238 1873 346 1899 saevitiae
363 1879 443 1907 atque
460 1873 637 1901 immanitatis
650 1895 656 1905 .
676 1882 756 1909 quam
774 1874 943 1902 Domitianus
957 1896 963 1906 ‚
983 1876 1117 1909 supremis
1144 1879 1292 1910 przesertun
1311 1876 1415 1909 imperii
1442 1884 1482 1901 snt
1502 1876 1579 1902 annis
1597 1875 1668 1908 (ΞΩ),
1687 1876 1735 1901 ad-

117 1915 214 1934 versus
231 1908 401 1935 Christianos
418 1910 596 1943 exprompsit.
616 1918 678 1943 pars
696 1910 769 1936 orbis
787 1911 859 1936 nulla
877 1918 974 1937 exsors
993 1911 1052 1937 fuit.
1068 1910 1171 1944 l'bique
1189 1910 1285 1939 caedes.
1305 1911 1404 1944 ubique
1421 1911 1515 1937 exsilia
1531 1931 1537 1941 ‚
1557 1911 1656 1944 ubique
1673 1918 1736 1936 cru-

119 1943 215 1973 ciatus.
236 1943 281 1969 illo
299 1944 414 1969 alterum
433 1943 565 1970 Neronem
583 1949 804 1978 ¹·ept·;esettt:tnte.
824 1945 918 1971 auditi.
938 1946 1139 1973 Exterminatus
1164 1946 1197 1971 ab
1215 1945 1259 1971 illo
1278 1947 1416 1979 apostolus
1434 1946 1506 1976 (530),
1525 1947 1608 1971 oet-isi
1629 1947 1736 1979 pontili-

118 1986 174 2008 ces,
194 1979 280 2003 vexati
299 1979 418 2012 episcopi
431 1999 437 2009 .
457 1979 553 2005 melior
570 1987 600 2006 ac
620 1980 736 2006 nobilior
762 1979 891 2006 Ecclesia}
908 1981 995 2014 portio
1013 1981 1095 2007 variis
1122 1980 1209 2006 nimiis
1225 1985 1357 2014 exagitata
1372 2001 1378 2011 .
1399 1981 1492 2006 nullibi
1513 1985 1568 2006 tuto
1586 1981 1736 2007 subsistere

118 2013 145 2038 iu
164 2021 214 2039 suo
231 2015 362 2047 peritiissa
381 2018 431 2040 est.
451 2014 534 2047 igitur
562 2019 588 2040 et
617 2016 642 2041 iu
660 2015 746 2041 Gallia
764 2019 845 2048 atque
862 2015 1005 2041 Germania
1020 2036 1026 2046 .
1046 2016 1090 2041 ubi
1109 2015 1253 2050 tiionysms
1271 2016 1393 2045 curabat.
1414 2016 1479 2043 satis
1497 2016 1637 2041 turbarum
1658 2017 1705 2041 fuit
1726 2024 1732 2042 :

117 2047 166 2073 nee
185 2048 307 2078 dubium,
327 2049 390 2082 quin
409 2049 492 2074 multa
511 2057 557 2083 per
574 2057 631 2075 eam
651 2054 837 2083 tempestatem
857 2051 912 2083 (51)
931 2056 984 2076 tam
1004 2051 1029 2076 iu
1048 2058 1093 2081 se.
1111 2059 1191 2084 ιμιιιιιι
1211 2051 1236 2076 ιιι
1256 2051 1383 2076 membris
1401 2059 1468 2079 sius.
1488 2052 1538 2076 hoc
1555 2055 1607 2082 est,
1627 2051 1653 2076 iu
1672 2059 1735 2084 pro-

118 2083 218 2116 genitis
237 2083 270 2108 ab
288 2092 348 2110 sese
367 2084 446 2114 liliis,
465 2085 556 2117 gravia
575 2092 671 2117 passus
689 2089 739 2110 est.
762 2084 793 2110 ΙῙι
810 2085 880 2110 enim
901 2090 1027 2119 parentes
1045 2086 1070 2111 in
1089 2086 1312 2111 charissimorum
1340 2086 1485 2111 liberorum
1511 2085 1604 2112 dolore
1628 2090 1653 2111 et
1672 2093 1734 2113 eru—

118 2117 190 2143 ciatu
211 2119 270 2151 plus
288 2127 473 2152 swpennmero
491 2119 582 2145 dolent
608 2125 633 2146 et
659 2121 817 2147 cruciantur
831 2140 838 2150 ‚
856 2128 936 2154 quam
955 2121 976 2147 si
996 2121 1021 2146 ιιι
1041 2129 1069 2147 se
1097 2121 1189 2147 eadctu
1209 2121 1258 2153 ipsi
1277 2121 1452 2154 experiantur
1472 2130 1477 2146 z
1497 2121 1536 2147 sic
1553 2121 1734 2146 amantissimi

118 2153 290 2179 subditorum
310 2161 420 2180 suorum
439 2154 558 2188 episcopi
576 2155 684 2187 gravius
702 2156 742 2182 rc}
761 2155 911 2181 medioeres
937 2156 963 2181 iu
982 2156 1048 2188 ipsis
1067 2156 1158 2189 plagas
1170 2175 1177 2185 .
1196 2164 1276 2189 quam
1301 2156 1435 2181 atrociora
1462 2156 1488 2181 ιιι
1507 2155 1658 2188 semetipsis
1677 2160 1734 2180 tor-

118 2192 208 2213 menta
227 2189 439 2222 persentiscunt.
459 2188 549 2215 Noluit
569 2197 649 2223 porro
667 2197 766 2216 arcana
785 2189 830 2215 ilci
850 2189 1022 2216 Providentia
1041 2199 1120 2216 suum
1139 2191 1232 2216 {jallia}
1249 2191 1401 2224 apostolum
1421 2191 1446 2216 in
1467 2191 1516 2215 hoc
1535 2190 1650 2215 adverso
1675 2194 1733 2215 tur-

117 2222 180 2248 bine
198 2222 250 2248 vita
268 2224 346 2257 eripi.
366 2223 412 2249 sed
431 2223 481 2248 alia
502 2225 526 2249 iu
546 2228 666 2257 tempora
684 2228 862 2254 reservatum.
882 2225 933 2251 hue
951 2226 1014 2251 illue
1032 2225 1064 2250 ad
1081 2226 1204 2259 juniores
1222 2226 1382 2251 animandos
1400 2226 1524 2254 athletas.
1543 2229 1568 2250 ct
1586 2225 1617 2250 ad
1637 2232 1732 2250 neccs-

117 2258 190 2284 saria
208 2257 343 2284 debilibus
360 2258 556 2292 suppeditanda
574 2260 674 2285 auxilia
688 2280 694 2289 ,
713 2259 877 2286 discurrere.
902 2259 993 2294 ltaque
1011 2260 1076 2287 locis
1094 2261 1222 2286 omnibus
1240 2261 1330 2286 aderat
1349 2268 1354 2284 :
1375 2265 1400 2285 et
1419 2261 1461 2285 ubi
1482 2260 1642 2294 praesentius
1660 2260 1732 2292 peri-

116 2293 207 2319 culum
226 2292 339 2319 docente
356 2301 386 2319 ae
404 2293 536 2327 dirigente
566 2294 638 2321 intus
665 2294 766 2328 Spiritu
793 2295 948 2321 advertebat
962 2315 969 2325 .
996 2296 1058 2320 illuc
1086 2295 1249 2321 adventuros
1275 2295 1374 2320 ‹Itu-isti
1395 2295 1484 2321 hostes
1502 2295 1573 2319 omui
1592 2294 1730 2327 diligentia

117 2329 295 2361 praevertehat
314 2338 320 2353 ;
340 2329 375 2354 ibi
395 2328 545 2357 laborabat.
565 2329 600 2354 ibi
618 2335 740 2355 sanctum
759 2329 886 2363 populum
904 2331 1010 2356 cunetis
1030 2330 1089 2356 fidei
1103 2330 1185 2356 armis
1203 2335 1264 2355 aute
1280 2334 1415 2355 eei-tamen
1435 2329 1638 2362 praemuniebat.
1659 2326 1730 2354 hleiii

117 2370 181 2388 ret-0
199 2368 224 2388 et
242 2363 286 2388 alii
305 2364 364 2397 ejus
382 2363 490 2395 collegae
507 2365 627 2398 episcopi
656 2372 704 2398 pro
731 2365 788 2391 suis
814 2365 930 2399 quisque
957 2365 1059 2391 viribus
1086 2365 1180 2391 sedulo
1206 2374 1236 2391 ae
1264 2364 1399 2390 indefesse
1418 2364 1589 2398 praestabant.
1610 2364 1731 2395 Quorum

117 2405 187 2423 unus
204 2398 312 2430 quidem
331 2399 409 2424 aunis
424 2398 478 2430 jam
497 2399 598 2432 gravis.
614 2400 659 2425 sed
673 2400 776 2425 meritis
789 2400 897 2433 gravior
909 2401 943 2431 tis
960 2404 1001 2425 est
1015 2401 1110 2426 beatus
1122 2400 1268 2434 Eutropius
1278 2399 1348 2425 l‘etri
1367 2400 1479 2433 amaon
1499 2399 1648 2432 discipulus
1662 2398 1730 2432 1521.

117 2432 149 2457 de
167 2439 220 2465 quo
237 2437 263 2458 et
280 2441 361 2467 supra
380 2433 470 2459 brevis
488 2435 611 2464 mentio).
629 2435 765 2467 egregium
785 2435 810 2461 in
830 2435 871 2461 his
890 2436 1056 2468 temporibus
1083 2439 1219 2461 certamen
1246 2435 1403 2461 decertarit.
1423 2434 1488 2460 Nam
1508 2438 1567 2468 post
1586 2434 1685 2459 multos
1704 2441 1729 2457 ιιι

119 2465 284 2493 Santonibns
302 2468 403 2502 (populi
421 2473 484 2493 suut
503 2469 594 2495 Galliae
611 2469 789 2503 Aquitanicae)
809 2470 868 2495 lidei
886 2478 966 2495 minsa
985 2470 1136 2496 exantlatos
1155 2470 1270 2500 labores.
1289 2473 1314 2495 et
1333 2469 1454 2495 laborum
1475 2469 1592 2503 ingentia
1610 2468 1730 2493 dilatatis

118 2500 244 2527 Ecclesia*
262 2504 383 2529 terminis
400 2511 488 2537 opera}
506 2504 601 2538 pretia.
621 2504 728 2530 tandem
741 2510 878 2537 premente
894 2505 993 2530 diaboli
1008 2505 1118 2533 invidia.
1138 2509 1163 2529 et
1183 2505 1273 2538 populi
1293 2505 1407 2529 tumultu
1427 2505 1575 2534 concitato,
1594 2503 1729 2537 lapidibus·

117 2536 206 2574 prium
224 2538 368 2570 appetitus.
388 2538 449 2564 dein
469 2539 586 2565 fustibus
605 2539 759 2565 immaniter
776 2547 861 2565 exesus
874 2560 880 2570 ,
899 2545 1089 2573 postremoque
1108 2540 1196 2565 securi
1209 2540 1240 2564 ad
1260 2544 1339 2571 capnt
1359 2539 1427 2564 illisa
1446 2547 1603 2573 percussus.
1623 2538 1728 2572 plenam

117 2578 143 2595 tu
162 2571 244 2597 ctrlos
263 2573 378 2604 palmam
401 2573 502 2599 intulit.
532 2573 596 2606 Ejus
614 2578 702 2599 autem
721 2578 840 2607 spectata
859 2575 885 2600 in
905 2575 1012 2608 pietatis
1038 2575 1164 2600 coullittu
1183 2574 1265 2600 animi
1290 2574 1420 2599 lortitudo
1437 2579 1463 2600 et
1486 2574 1584 2600 eximia
1602 2572 1726 2601 victoria.

117 2613 187 2643 cuin·
205 2604 374 2633 Christianos
400 2616 494 2634 onmes
523 2609 636 2634 mirilico
653 2609 824 2639 exhilaravit.
843 2614 898 2634 ιιιιιι
918 2610 1051 2643 ριίιηίιιιιυ
1077 2610 1181 2635 socium
1209 2610 1268 2642 ejus
1286 2617 1316 2634 ac
1334 2611 1460 2635 comitem
1480 2608 1635 2642 Dionysium
1655 2608 1728 2632 bisce

118 2639 234 2666 turbidis
252 2640 278 2666 ιιι
297 2642 376 2668 rebus
394 2643 460 2669 adeo
478 2643 620 2673 recrearit.
639 2643 676 2668 nti
695 2647 720 2669 et
738 2643 770 2668 ad
788 2645 914 2684 gaudium
942 2652 1003 2669 cum
1028 2644 1088 2669 aliis
1115 2643 1370 2670 commuuieaudutu
1384 2665 1390 2673 .
1409 2649 1433 2669 et
1452 2645 1485 2670 ad
1514 2643 1625 2677 gloriam
1643 2643 1728 2675 ipsius

117 2674 244 2708 martyris
261 2676 437 2710 evulgandam
449 2697 456 2707 .
480 2681 538 2703 acta
556 2678 614 2711 ejus
641 2679 762 2712 martyrii
780 2679 871 2705 onec»
899 2678 1091 2712 conscripserit
1108 2679 1162 2711 (35
1175 2685 1193 2711 ι.
1213 2679 1277 2711 Quae
1293 2679 1365 2713 quod
1383 2679 1513 2705 (ileuienti
1534 2677 1651 2712 pontifici
1671 2676 1728 2701 fote

118 2709 202 2734 multo
218 2710 372 2744 gratissima
390 2716 465 2738 certo
482 2713 564 2738 sciret
581 2717 587 2740 ι
603 2713 625 2739 is
642 2713 712 2738 enim
730 2714 794 2738 ditm
812 2714 839 2739 in
856 2713 969 2739 Galliam
988 2721 1049 2739 euin
1067 2714 1196 2743 mitteret.
1216 2719 1360 2740 martvrent
1388 2715 1507 2740 futurum
1527 2710 1726 2746 praesagiebat).

118 2743 149 2769 ad
168 2744 242 2770 illum
260 2744 352 2772 Romae
379 2751 434 2773 tutu
458 2747 621 2774 residentem
639 2751 663 2774 et
683 2748 868 2781 priesideutetu
885 2749 957 2775 misit
977 2748 1043 2782 (δι),
1063 2748 1176 2784 adjectis
1195 2757 1246 2775 una
1266 2744 1380 2781 litteris,
1400 2749 1497 2783 quibus
1515 2747 1678 2782 postulabat,
1698 2749 1728 2772 ut
