1860 2961
132 80 183 106 5³43

519 78 688 106 APPENDtx
709 78 754 106 Ao
777 78 890 107 OPERA
912 79 941 108 S.
960 77 1105 106 DlONYSll
1122 78 1358 108 AREOPAGlTAE.

1693 78 1743 105 544

133 135 209 163 Unde
226 135 307 162 itiam
321 136 393 163 venit
409 136 472 163 luna
486 140 512 163 et
531 137 651 171 ingressa
666 137 717 164 sub
734 138 791 172 ipso
804 144 915 163 cursum
930 139 953 167 Α
966 137 1012 162 τοῦ
1024 137 1135 172 ἡλιακοῦ
1151 137 1240 163 δίσκου
1262 136 1358 171 μέρος·
1377 135 1436 162 ὅθεν
1452 137 1498 163 καὶ
1510 135 1618 172 ἦλθενὴ
1636 136 1742 171 σελήνη,

132 183 229 214 tenuit,
248 190 279 209 ae
299 188 466 217 retrogressa
481 188 522 210 est
531 184 617 212 donee
633 188 718 211 totum
747 185 806 219 ejus
821 185 914 212 orbem

131 230 299 257 obscuravit.
331 229 481 264 Oportebat
509 231 619 266 utique,
644 232 666 259 si
690 232 790 259 usitata
818 231 915 258 fuisset

132 275 253 310 eclipsis,
266 284 298 302 cx
312 276 405 303 cadem
418 282 494 311 parte
507 282 533 304 et
546 278 724 305 desectionem
745 282 771 305 et
786 285 915 312 repurga-

131 321 232 347 tionem
247 323 389 356 exsistere,
406 327 435 349 ut
450 324 560 358 quando
576 324 641 350 luna
663 325 714 351 sub
730 324 787 351 sole
803 331 913 350 cursum

131 375 209 393 suum
223 369 336 402 peragit,
347 369 422 396 verbi
435 370 520 405 gratia
532 378 565 397 ex
576 371 691 402 oriente,
701 371 815 405 primam
829 370 916 397 orien-

131 414 210 440 talem
228 414 325 442 solaris
337 415 405 443 disci
418 420 520 451 partem
531 417 610 452 313
622 416 757 449 obfuscat,
771 417 821 444 sub
832 423 914 451 quam

130 459 212 485 etiam
229 468 340 488 currere
356 462 456 496 coepit;
481 463 544 491 inde
568 463 650 498 igitur
665 463 746 490 etiam
772 470 806 490 ex
824 462 914 490 orien-

130 506 175 532 tali
193 512 268 541 parte
294 509 412 543 primum
441 509 536 544 incipit
563 510 629 537 solis
649 510 741 538 disens
760 509 912 544 repurgari,

129 551 192 578 dum
205 553 268 580 luna
282 554 368 580 tendit
377 554 410 581 ad
425 555 604 588 occidentem,
615 559 642 582 et
653 556 739 590 prima
753 563 816 590 pars
827 555 914 591 (nem-

129 605 162 631 pe
178 599 330 631 orientalis,
358 607 440 635 quam
469 601 551 628 etiam
579 602 693 636 primam
719 602 913 637 occultaverat)

128 643 274 679 detegitur,
287 646 350 672 dum
368 647 419 673 sub
437 647 521 673 solem
548 648 666 682 praeterit,
678 651 759 682 atque
774 652 914 675 transcur-

129 689 174 716 rit.
206 690 262 717 Sub
289 691 436 717 salutarem
467 695 557 718 autem
586 693 752 727 passionem,
779 700 833 720 non
861 693 913 720 hoc

128 735 209 762 modo
227 736 368 770 contingit,
400 737 445 763 sed
463 738 612 767 contrario.
642 738 708 765 Nam
723 739 787 766 iuna
802 739 913 766 veniens

129 781 162 807 ab
175 782 278 809 oriente
297 783 349 809 sub
365 783 449 810 solem
465 784 597 816 cucurrit,
627 788 653 812 et
682 789 767 811 totum
797 784 856 820 ejus
872 792 913 813 or-

128 826 187 852 bem
203 827 326 859 obduxit3
337 828 433 856 deinde
449 837 501 856 non
517 830 589 856 ultra
605 830 638 857 ad
654 830 916 858 occidentemtrans-

129 871 169 903 iit,
201 873 246 899 sed
259 873 338 900 rediit
355 883 452 902 rursus
468 876 502 902 ad
531 876 675 908 orientem,
691 882 717 904 et
731 877 849 912 primum
866 877 913 904 de-

127 918 228 944 nudata
244 923 284 946 est
303 921 401 948 solaris
418 921 486 949 disei
501 929 564 956 pars
579 923 766 955 occidentalis,
780 923 912 958 siquidem

126 966 284 992 retrocessit
300 974 395 994 versus
412 968 544 995 orientem
565 968 599 995 acl
614 968 776 995 diametrum
793 969 843 996 soli
862 977 912 1004 op-

126 1010 253 1042 positum,
286 1012 322 1038 ita
348 1017 376 1039 ut
403 1014 561 1048 conjunctio
589 1019 616 1042 et
637 1015 792 1049 repurgatio
808 1023 862 1042 non
878 1016 912 1042 ab

125 1055 218 1082 eadem
243 1062 317 1090 parte
338 1058 408 1085 saeta
429 1060 493 1087 sint.
519 1060 638 1095 Phlegon
661 1061 769 1096 gentilis
799 1061 913 1088 chrono-

124 1102 244 1135 graphus
261 1103 330 1130 libro
344 1104 450 1132 decimo
465 1110 563 1140 quarto
585 1105 817 1141 chronographiae
843 1116 909 1139 suae,

125 1146 151 1172 in
178 1146 337 1183 Olympiade
371 1152 521 1179 centesima
557 1153 637 1179 tertia
650 1173 657 1185 ‚
691 1153 772 1187 hujus
802 1152 910 1187 quide'm

124 1193 257 1227 eelipseos
272 1196 354 1222 etiam
382 1198 516 1229 meminit,
533 1198 629 1225 dicens
645 1206 704 1226 eam
728 1207 803 1226 more
831 1200 911 1227 solito

124 1239 268 1271 accidisse,
302 1241 350 1268 sed
376 1243 486 1270 modum
513 1245 572 1278 ejus
595 1253 650 1272 non
667 1247 815 1280 expressit.
840 1246 911 1278 Quin

124 1285 205 1311 etiam
229 1285 376 1315 AfrICanus
401 1292 495 1316 noster
520 1290 589 1317 libro
616 1291 712 1325 quinto
737 1291 909 1326 Clironogra-

123 1330 203 1364 pliiae,
217 1336 243 1359 et
257 1332 390 1361 Eusebius
401 1334 560 1371 Pamphilus
581 1336 679 1365 ibidem
694 1337 817 1373 ejusdem
836 1337 911 1365 dese-

123 1379 221 1407 ctionis
236 1381 400 1409 ment10nem
412 1382 485 1410 feeit.

351 1481 384 1508 IN
400 1483 595 1511 EPISTOLAM
610 1484 677 1512 vul.

161 1526 173 1561 ᾗ
193 1527 212 1553 1.
224 1526 398 1562 Demophilus
411 1530 454 1556 hic
467 1531 618 1558 monachus
629 1534 697 1563 erat,
711 1536 740 1558 ut
756 1531 857 1558 indicat
872 1531 912 1557 in·

123 1572 242 1606 scriptio
255 1581 262 1605 ;
278 1573 458 1608 therapeutas
473 1575 545 1602 enim
562 1575 712 1602 monachos
726 1576 908 1610 appellabant.

123 1618 148 1644 Is
161 1622 250 1644 autem
264 1619 412 1646 insultabat
423 1621 581 1656 presbytero
591 1629 651 1654 suo,
667 1622 732 1656 quin
744 1622 825 1648 etiam
838 1621 909 1647 indi-

123 1663 267 1697 gnabatur,
281 1664 353 1698 quod
380 1665 524 1699 quemdam
549 1674 564 1692 e
594 1667 791 1701 pcenitentibus
812 1675 908 1695 susce-

123 1709 217 1742 pisset.
244 1709 424 1738 Poenitentem
449 1712 540 1747 itaque
565 1713 726 1740 verberibus
765 1718 907 1748 exceptum

123 1756 292 1788 exturbauit,
307 1758 496 1792 presbyterum
510 1766 575 1785 vero
589 1760 789 1793 eliminaverat,
802 1766 829 1788 et
850 1762 909 1796 ipse

123 1804 253 1834 tanquam
269 1808 284 1827 a
301 1810 329 1829 se
345 1803 487 1838 presbyter
503 1808 624 1836 creatus,
650 1806 763 1833 resedit.
780 1806 907 1840 Advorte,

123 1844 205 1878 igitur
217 1846 296 1872 etiam
306 1847 365 1874 istis
383 1848 551 1882 temporibus
568 1849 721 1877 istiusmodi
747 1851 817 1878 mala
843 1859 909 1878 eon-

123 1892 227 1926 tigisse.
246 1892 340 1920 Merito
356 1894 446 1928 itaque
459 1894 526 1921 dicit
557 1896 643 1923 illud:
674 1895 695 1923 0
722 1905 842 1931 qenerose
856 1898 909 1925 De-

124 1939 244 1972 ηιορΙιιἸε,
263 1939 431 1974 exprobrans
445 1941 495 1975 ipsi
510 1941 697 1969 fortitudinem
713 1943 907 1976 inordinatam,

122 1989 149 2011 et
165 1989 292 2018 pietatem
312 1986 425 2013 minime
456 1986 587 2020 divinam,
611 1992 639 2015 ut
655 1988 707 2015 hoc
721 1989 801 2016 modo
814 1998 908 2017 mona-

123 2031 204 2058 chum
218 2033 392 2067 perstringat.

157 2078 195 2103 Ac
210 2078 352 2112 siquando
377 2079 461 2112 ipsum
483 2084 568 2107 extra.
588 2080 617 2107 ld
641 2084 683 2107 est
712 2081 820 2116 quando
833 2081 908 2109 Scri-

123 2128 208 2158 ptura:
223 2124 344 2156 tradunt,
363 2124 451 2158 ipsum
482 2125 508 2151 in
535 2126 582 2153 Dei
610 2126 822 2161 indignationem
839 2128 906 2155 inei-

122 2170 207 2201 disse,
225 2174 251 2196 et
267 2170 294 2196 in
311 2170 482 2197 aversionem
498 2171 589 2198 vultus
605 2172 675 2206 ejus.
699 2172 789 2206 Prius,
807 2173 904 2208 inquit,

123 2215 263 2241 declarant
280 2216 368 2250 ipsum
381 2224 396 2243 a
412 2217 621 2244 mansuetudine
633 2217 791 2250 descivisse,
804 2223 831 2245 et
849 2223 905 2246 tum

122 2264 230 2290 ‹lemum
245 2270 259 2288 a
274 2263 365 2289 divina
380 2263 486 2290 visione
496 2262 640 2290 excidisse.

157 2353 177 2379 Α
204 2354 396 2386 prcreminente.
411 2352 528 2379 Adverte
544 2353 726 2386 pra‘stantiam
742 2357 767 2380 et
782 2354 904 2380 eminen-

123 2399 187 2424 tium
202 2399 419 2425 mansuetudinis
441 2399 468 2425 in
495 2399 548 2425 Deo
572 2399 712 2430 imitando,
729 2403 755 2426 et
769 2400 905 2433 quomodo

124 2444 228 2479 Moyses
242 2450 351 2480 propter
365 2445 599 2472 mansuetudinem
612 2444 658 2472 Dei
673 2446 789 2473 famulus
801 2454 905 2473 nuncu-

124 2495 213 2524 petus.

159 2536 240 2570 314,
255 2536 411 2563 Ambitione.
439 2536 558 2563 Ambitio
574 2537 682 2571 proprie
701 2541 743 2564 est
769 2538 905 2572 appetitus

125 2588 151 2610 et
167 2591 242 2609 amor
273 2584 395 2610 honoris.
421 2584 557 2618 Θεοκρίτῳ
580 2588 681 2614 autem,
695 2592 748 2610 non
762 2584 842 2610 alicui
865 2583 906 2611 sic

126 2629 270 2662 appellato,
299 2629 345 2655 sed
367 2637 381 2655 a
410 2628 465 2656 Deo
491 2629 524 2656 ad
548 2629 689 2664 imperium
716 2629 851 2656 destinato
878 2632 905 2656 et

127 2675 231 2701 idoneo.

966 184 1012 209 καὶ
1032 184 1122 218 εἰσέόη
1148 184 1331 218 ὐποτρέχουσα
1357 183 1435 209 αὑτὸν
1462 184 1508 210 καὶ
1538 182 1743 215 ἀναποδίζουσα,

965 228 1016 259 ’έως
1027 226 1056 255 οὗ
1080 229 1138 255 ὅλον
1158 229 1202 255 τὸν
1221 228 1302 254 αὐτοῦ
1327 228 1416 254 δίσκον
1435 229 1568 255 ἐσκίασεν.
1589 229 1661 255 Ἔδει
1686 227 1742 261 οὗν,

965 275 988 301 εί
1001 273 1033 310 ἦν
1046 276 1116 302 κατὰ
1143 276 1173 303 τὸ
1194 275 1306 310 σύνηθες
1325 275 1452 310 ἔκλειψις,
1482 276 1513 302 ἐκ
1525 275 1571 302 τοῦ
1589 276 1669 302 αὐτοῦ
1697 276 1744 310 μέ-

967 331 1028 356 ρους
1045 323 1090 349 καὶ
1101 323 1149 358 τὴν
1164 323 1282 357 ἔκλειψιν
1294 323 1340 349 καὶ
1355 323 1403 357 τὴν
1415 323 1595 358 ἀνακάθαρσιν
1608 323 1742 357 γενέσθαι·

965 365 1018 395 οἷον
1032 369 1074 395 ὅτε
1089 369 1258 405 ὑποτρέχειὴ
1276 370 1373 404 σελήνη
1390 369 1433 395 τὸν
1445 369 1535 403 ἥλιον,
1566 369 1630 404 φέρε
1647 370 1742 400 εἰπεῖν,

964 414 993 447 ἐξ
1015 415 1147 441 ἀνατολῶν
1163 415 1269 450 πρῶτον
1286 415 1458 450 ἀντιφράττει
1482 415 1563 450 μέρος
1574 415 1620 440 τοῦ
1634 415 1743 450 ἡλιακοῦ

964 460 1055 488 δίσκου
1068 462 1097 488 τὸ
1109 462 1275 494 ἀνατολικὸν,
1289 462 1356 497 ὅπερ
1381 462 1427 489 καὶ
1443 462 1544 497 ἤρξατο
1567 462 1723 497 ὑποτρέχειν
1735 470 1742 476 ·

965 506 1067 534 ἐκεῖθεν
1084 506 1129 534 οὖν
1141 509 1172 534 ἐκ
1188 508 1235 534 τοῦ
1248 508 1405 535 ἀνατολικοῦ
1425 508 1523 544 μέρους
1540 509 1588 534 καὶ
1601 508 1744 534 ἀνακαθαί-

966 553 1058 588 ρεσθαι
1075 554 1186 589 ἄρχεται
1199 555 1213 580 ὁ
1224 554 1314 586 δίσκος
1336 554 1382 581 τοῦ
1399 555 1484 590 ἡλίου,
1501 555 1552 590 τῆς
1572 555 1684 591 σελήνης
1699 555 1745 580 ἐπὶ

963 599 1067 635 δυσμὰς
1082 601 1240 636 τρεχοὺσης,
1261 602 1307 627 καὶ
1324 601 1429 637 πρῶτον
1446 601 1684 636 ἀνακαλυπτούσης
1699 601 1744 636 μέ-

965 653 1010 681 ρος
1026 647 1055 673 ὲν
1070 646 1108 682 τῷ
1125 647 1249 682 παριέναι
1270 647 1315 674 καὶ
1330 647 1510 683 παρατρέχειν
1524 648 1557 663 ³¹⁵¹
1574 647 1619 674 τὸν
1633 647 1715 682 ἥλιον,
1731 647 1745 673 ὃ

964 691 1010 717 καὶ
1024 692 1129 727 πρῶτον
1146 693 1274 727 ἐκάλυψε,
1297 693 1419 720 τουτέστι
1444 694 1473 720 τὸ
1494 693 1659 720 ἀνατολικὸν.
1685 693 1744 719 Ἐπὶ

963 738 991 764 δὲ
1016 739 1062 765 τοῦ
1086 740 1219 775 σωτηρίου
1240 739 1341 771 πάθους
1365 739 1414 774 οὐχ
1444 739 1513 766 οὕτω
1531 740 1651 774 γέγονεν,
1678 738 1744 766 ἀλλὰ

963 785 1124 813 τούναντίον.
1164 785 1208 818 Ἐξ,
1235 785 1367 813 ἀνατολῶν
1389 785 1442 821 γὰρ
1469 785 1581 812 ἐλθοῦσα
1605 787 1621 820 ἡ
1648 786 1744 820 σελήνη

965 831 1101 867 ὑπέδραμε
1117 832 1161 858 τὸν
1177 832 1266 867 ἣλιον,
1299 832 1346 859 καίΙ
1379 832 1493 867 ἔφραζεν
1519 831 1577 858 ὅλον
1600 832 1643 858 τὸν
1656 831 1744 858 δίσκον

965 877 1055 904 αὐτοῦ.
1074 875 1140 904 Εἶτα
1155 878 1245 904 οὐκέτι
1271 878 1316 904 ἐπὶ
1330 877 1434 913 δυσμὰς
1447 877 1593 913 παρῆλθεν,
1610 877 1668 903 ἀλλ’
1684 877 1745 903 ἀνε-

964 924 1055 950 πόδισε
1069 924 1148 951 πάλιν
1173 925 1219 951 ἐπὶ
1247 924 1387 955 ἀνατολὰς,
1406 925 1452 951 καὶ
1476 924 1615 959 ἐγύμνωσε
1638 923 1745 959 πρῶτον

966 970 1046 1005 μέρος
1057 971 1086 996 τὸ
1098 971 1202 997 δυτικὸν
1228 970 1274 997 τοῦ
1296 970 1408 1005 ἡλιακοῦ
1435 970 1541 996 δίσκου·
1563 970 1603 1001 εἰς
1625 969 1746 995 τούπίσω

963 1017 1017 1052 γὰρ
1030 1017 1178 1052 ἀνέδραμεν
1197 1017 1242 1043 ἐπὶ
1260 1016 1290 1042 τὸ
1306 1016 1423 1042 ἐναντίον
1437 1016 1580 1050 διάμετρον
1607 1015 1653 1041 τοῦ
1668 1015 1744 1050 ἡλίου

963 1063 1008 1088 ἐπὶ
1021 1063 1163 1094 ἀνατολάς·
1184 1062 1253 1089 ὥστε
1271 1062 1368 1098 μηκέτι
1393 1062 1442 1096 τὴν
1463 1061 1600 1096 ἔμπτωσιν
1627 1062 1673 1088 καὶ
1696 1062 1745 1096 τὴν

963 1108 1143 1144 ἀνακάθαρσιν
1160 1110 1191 1135 ἐκ
1199 1109 1245 1136 τοῦ
1258 1108 1338 1135 αὐτοῦ
1355 1108 1453 1143 μέρους
1478 1107 1612 1141 γενέσθαι.
1634 1108 1745 1142 Μέμνη-

962 1162 1005 1179 ται
1022 1154 1069 1188 μὲν
1091 1155 1137 1180 καὶ
1159 1154 1265 1188 Φλέγων
1281 1154 1295 1179 ὀ
1323 1153 1477 1188 Ἐλληνικὸς
1507 1153 1692 1188 χρονογρὰφος
1715 1153 1744 1178 ὲν

961 1199 1172 1234 τρισκαιδεκάτῳ
1183 1198 1407 1234 Χρονοηζραφιῷν
1425 1198 1453 1223 ἐν
1468 1200 1500 1233 τῇ
1516 1202 1555 1233 ργ’
1577 1198 1744 1232 Ὀλυμπιάδι,

962 1245 1010 1280 τῆς
1028 1244 1174 1279 ἐκλείψεως
1193 1245 1304 1280 ταύτης,
1337 1245 1412 1280 παρὰ
1436 1244 1467 1271 τὸ
1481 1244 1575 1275 εἰωθὸς
1593 1243 1675 1278 αὐτὴν
1703 1243 1746 1268 λέ-

962 1298 1017 1323 γων
1032 1290 1179 1324 γενέσθαι·
1199 1290 1230 1317 οὐ
1257 1290 1310 1325 μὴν
1322 1289 1365 1317 τὸν
1396 1290 1496 1325 τρόπον
1518 1288 1663 1324 ἀνέγραψε.
1692 1288 1746 1314 Καὶ

969 1336 1128 1371 Ἀφρικανὸς
1144 1336 1172 1362 δὲ
1191 1337 1205 1363 ὁ
1224 1336 1358 1372 ἡμέτερος
1381 1337 1410 1363 ὲν
1439 1336 1556 1371 πέμπτῳ
1583 1337 1745 1368 Χρονογρα-

961 1382 1045 1417 puzzu
1071 1383 1118 1409 καὶ
1138 1383 1266 1414 Εὺσέῧιος
1279 1383 1293 1409 ὁ
1309 1382 1452 1417 Παμφίλου
1465 1382 1493 1409 ἐν
1504 1383 1564 1414 ταῖς
1586 1381 1681 1412 αὐταῖς
1699 1380 1746 1415 μέ-

963 1438 1061 1465 μνηται
1072 1430 1120 1465 τῆς
1143 1429 1227 1464 αὐτῆς
1243 1428 1397 1463 ἐκλείψεως.

1149 1484 1202 1511 ΕΙΣ
1217 1484 1289 1510 ΤΗΝ
1305 1484 1502 1511 ΕΠΙΣΤΟΛΗΝ
1514 1484 1554 1510 Η’.

1003 1529 1016 1565 §
1035 1529 1054 1557 1.
1077 1529 1227 1565 Δημόφιλος
1253 1526 1330 1561 οὗτος
1358 1529 1473 1564 μοναχὸς
1496 1526 1540 1564 ἦν,
1570 1528 1608 1559 ὡς
1631 1527 1705 1563 δηλοῖ
1728 1528 1744 1561 ἡ

962 1575 1101 1611 ἐπιγραφή
1113 1585 1119 1591 ·
1151 1575 1320 1611 θεραπευτὰς
1345 1576 1398 1611 γὰρ
1429 1576 1492 1606 τοὺς
1521 1575 1654 1610 μοναχοὺς
1682 1574 1745 1600 ἐκά-

961 1622 1033 1649 λουν.
1051 1622 1224 1657 Τυραννήσας
1238 1622 1266 1648 δὲ
1282 1622 1351 1648 κατὰ
1380 1621 1563 1657 πρεσὸυτέρου
1589 1620 1680 1651 αὑτοῦ,
1698 1620 1745 1646 καὶ

961 1668 1163 1703 ἀγανακτήσας,
1187 1669 1228 1695 ὅτι
1256 1668 1363 1701 ἐδέξατο
1391 1676 1452 1694 τινα
1476 1668 1503 1693 ἐν
1528 1667 1654 1702 μετανοίᾳ
1681 1666 1744 1692 ὅντα

960 1715 1175 1750 ἁμαρτημάτων,
1202 1715 1321 1746 ὲξέίῗαλε,
1337 1715 1477 1750 τυπτὴσας
1489 1714 1533 1740 τὸν
1554 1713 1742 1748 μετανοοῦντα,

960 1760 1005 1787 τὸν
1018 1760 1045 1786 δὲ
1065 1759 1246 1795 πρεσόύτερον
1275 1759 1405 1795 ἑξώθησε,
1431 1759 1478 1785 καὶ
1505 1759 1631 1785 ἐκάθισεν
1665 1759 1744 1784 αὺτο-

960 1807 1145 1842 χειροτόνητος
1170 1806 1362 1842 πρεσῧύτερος.
1393 1806 1548 1841 Σημείωσαι
1563 1803 1620 1835 οὖν,
1648 1805 1687 1831 ὅτι
1710 1805 1743 1831 τὰ

959 1853 1032 1880 κακὰ
1043 1852 1128 1879 ταῦτα
1143 1853 1188 1878 καὶ
1210 1853 1255 1878 ἐπὶ
1279 1852 1388 1878 ἐκείνων
1419 1851 1474 1878 τῶν
1493 1852 1594 1887 χρόνων
1623 1851 1738 1885 ἐγένετο,

959 1895 1078 1926 Εἰκότως
1107 1893 1153 1923 οὗν
1182 1895 1226 1921 τό·
1246 1893 1280 1921 Ὦ
1307 1894 1423 1929 γενναῖε
1453 1895 1616 1928 Δημόφιλε,
1650 1894 1740 1928 φησὶν,

960 1942 1036 1976 ἰσχὺν
1061 1941 1177 1967 ἄτακτον
1194 1940 1239 1967 καὶ
1263 1940 1312 1966 οὐκ
1340 1939 1482 1966 εὑλάὅειαν
1499 1939 1588 1965 ἔνθεον
1608 1938 1743 1970 ὀνειδίζων

958 1988 1042 2023 αὐτῷ,
1056 1989 1102 2015 καὶ
1119 1987 1204 2022 ταύτῃ
1218 1986 1351 2021 διασύρων
1366 1985 1410 2011 τὸν
1428 1985 1552 2020 μοναχόν.

995 2077 1049 2104 Καὶ
1082 2076 1181 2104 εἴποτε
1218 2076 1310 2103 αὐτὸν
1338 2076 1405 2107 ἕξω.
1432 2075 1575 2100 Τουτέστιν
1587 2094 1594 2106 ,
1624 2075 1687 2100 ὅταν
1712 2074 1740 2100 αἰ

957 2124 1062 2160 Γραφαὶ
1074 2124 1197 2158 λέγωσιν,
1214 2124 1242 2149 ἐν
1256 2123 1437 2157 ἀγανακτήσει
1458 2121 1524 2147 Θεοῦ
1541 2121 1678 2154 γεγονέναι
1693 2120 1740 2146 αὐ-

957 2172 1012 2202 τὸν,
1021 2171 1066 2197 καὶ
1077 2172 1105 2197 ἐν
1117 2170 1274 2204 ἀποστροφῇ
1286 2169 1332 2195 τοῦ
1341 2168 1484 2203 προσώπου
1497 2167 1588 2194 αὐτοῦ.
1607 2166 1739 2202 Πρότερον

957 2217 994 2248 δὲ,
1020 2217 1095 2251 φησὶ,
1110 2215 1276 2242 δεικνύουσιν
1294 2215 1373 2240 αὑτὸν
1389 2214 1439 2248 τῆς
1466 2213 1614 2248 πραότητος
1629 2211 1680 2243 ἔξω
1698 2219 1739 2244 γε·

958 2263 1073 2296 γονέναι,
1090 2263 1135 2288 καὶ
1146 2260 1193 2288 εἶθ’
1206 2261 1275 2287 οὕτω
1290 2260 1384 2287 παθεῖν
1397 2259 1426 2285 τὸ
1442 2259 1495 2285 ἀπο
1512 2258 1598 2292 ὅψεως
1613 2256 1738 2290 γενέσθαι

956 2309 1002 2334 τοῦ
1020 2307 1097 2334 Θεοῦ.

999 2356 1043 2381 Ἐκ
1057 2354 1111 2387 τῆς
1130 2354 1330 2388 προύχούσης.
1351 2351 1504 2387 Σημείωσαι
1533 2350 1573 2376 ὅτι
1602 2349 1737 2384 ἐξαίρετον

958 2402 1004 2427 καὶ
1032 2398 1148 2436 προῦχον
1178 2401 1217 2430 εἰς
1243 2399 1355 2434 μίμησιν
1384 2396 1449 2423 Θεοῦ
1481 2396 1498 2430 ἡ
1527 2395 1663 2430 πραότης,
1691 2396 1737 2421 καὶ

958 2447 998 2473 ὅτι
1021 2446 1065 2472 διὰ
1083 2447 1131 2482 τὴν
1157 2445 1296 2481 πραότητα
1327 2442 1447 2476 Μωῦσῆς
1473 2441 1579 2474 λέγεται
1611 2440 1736 2475 θεράπων

959 2491 1035 2517 Θεοῦ.

992 2537 1168 2570 Φιλοτιμίας.
1190 2534 1328 2569 Φιλοτιμία
1344 2532 1444 2567 κυρίως
1461 2531 1490 2557 τὸ
1517 2531 1599 2565 τιμῆς
1613 2529 1734 2564 ἐφίεσθαι

956 2582 1003 2608 καὶ
1022 2583 1095 2617 έρᾷν.
1121 2581 1262 2614 &complu-³
1289 2579 1315 2604 δὲ
1342 2578 1388 2613 οὐχ
1405 2577 1474 2603 οὕτω
1492 2576 1544 2602 τινὶ
1565 2575 1741 2610 καλουμένῳ,

956 2628 1022 2654 ἀλλὰ
1038 2628 1068 2653 τὺ
1090 2628 1121 2654 ἑκ
1134 2625 1200 2653 Θεοῦ
1214 2627 1253 2657 εἰς
1271 2625 1301 2651 τὸ
1314 2625 1406 2660 ἄρχειν
1423 2623 1572 2658 κρινομένῳ
1600 2621 1647 2649 καὶ
1673 2621 1734 2647 ἑπι-

956 2673 1062 2708 τηδείῳ.

593 2751 706 2779 vAmAE
727 2751 916 2779 moriones
933 2750 976 2778 ET
994 2741 1266 2778 eonnsserioivsss.

223 2811 397 2845 περιτρέχειν.
