1860 2961
153 135 188 163 63
556 131 728 161 APPENDtx
744 133 790 160 AD
806 133 920 161 OPERA
937 132 966 161 S.
985 133 1131 161 DlONYSll
1153 134 1392 164 AREOPAGlTAE.
1742 134 1776 162 et

153 193 291 228 appellare
305 199 401 221 omnes
423 192 608 228 intelligibiles
625 196 652 220 et
667 192 843 228 incorporeos
862 193 934 220 ordi·
950 193 973 220 A
987 199 1035 223 σας
1050 191 1101 223 τὰς
1117 195 1212 228 νοερὰς
1232 193 1279 219 καὶ
1295 193 1458 228 ἀσωμάτους
1471 192 1562 226 τάξεις
1578 192 1625 220 καὶ
1640 192 1701 220 καθ’
1715 191 1775 218 ἕτε-

152 247 214 272 nes,
230 244 257 267 et
279 239 428 267 secundum
451 239 534 266 alium
558 239 680 270 modum,
696 239 748 266 hoc
762 243 803 267 est
824 240 893 267 κατὰ
909 241 939 267 τὸ

152 284 267 315 θεοειδές
284 284 356 319 quod
373 288 414 311 cst
427 284 577 311 secundum
597 283 652 311 Deo
666 278 846 312 assiinilatum
861 293 937 319 esse;

152 330 179 356 in
194 334 327 365 quantum
351 329 461 363 assequi
484 330 634 364 unicuique
649 330 772 365 ipsorum
789 331 870 364 licet;
887 332 939 358 ita-

151 383 204 410 que
229 383 324 402 omnes
348 375 458 409 quidem
485 375 723 410 supermundanos
746 376 867 408 ordines,
890 377 938 405 Dei

151 422 254 448 slmiles
270 421 375 452 vocari,
393 425 419 448 et
435 421 516 448 aliam
532 429 614 456 porro
635 422 710 458 ipsos
729 430 824 451 omnes
838 423 938 451 habere

150 467 328 494 lucidissimae
344 467 690 500 illustrationis,nimirum
706 477 738 497 ex
758 469 814 497 Deo
825 477 936 502 munus,

149 512 274 545 quamvis
293 520 343 547 pro
362 513 497 548 cujusque
518 519 610 549 captu,
631 519 677 541 aut
698 516 800 547 minus,
815 519 861 542 aut
877 523 937 542 am-

149 557 221 591 plius
246 557 395 585 illustratio
410 558 537 587 donetur.
559 560 588 587 ln
606 560 675 587 libro
687 565 778 588 autem
793 561 831 588 De
841 562 937 589 divinis

150 603 299 631 nominibus
313 604 390 638 dicit,
407 604 516 633 divinos
529 606 603 634 solos
623 606 678 634 dici
693 607 799 636 ordinis
816 609 936 636 universi

149 649 302 683 praefectos.

184 694 376 730 Proprietates.
401 696 471 725 Nota
495 698 633 733 quomodo
661 698 843 734 proprietates
864 699 937 728 dicat

147 741 366 777 uniuscujusque
380 743 486 771 ordinis
501 744 703 779 proportiones.

419 789 470 824 21
488 789 520 816 IN
536 790 612 818 CAP.
628 790 673 818 Vl.

182 833 195 868 ᾖ
213 833 232 860 Ι.
246 833 336 860 Solam
352 839 451 862 exacte.
469 835 547 869 Quod
571 837 647 865 solus
664 837 737 866 Deus
751 838 798 873 qui
814 842 841 866 et
858 838 934 874 ipsos

145 879 225 906 eflicit
240 880 316 912 deos,
337 882 411 908 novit
432 887 558 909 accurate
574 886 600 909 et
615 883 691 918 ipsos
705 889 731 912 et
746 885 867 919 ipsorum
882 885 933 911 ini-

145 925 269 957 nisteria,
285 929 366 960 atque
379 926 430 961 ipsi
445 932 614 962 cognoscunt
625 937 665 961 se,
681 933 708 956 et
723 937 783 957 sua.
793 930 848 957 Nos
860 931 932 958 enin.

144 967 211 995 nihil
232 970 352 1004 perfecte
375 979 469 998 eorum
490 981 550 1007 quae
571 974 646 1008 ipsos
668 979 793 1009 spectant
817 976 931 1009 scimus,

144 1015 198 1042 nisi
210 1024 241 1043 ea
257 1025 317 1052 quae
335 1025 351 1044 a
368 1018 459 1045 divina
474 1019 564 1047 edocti
580 1028 676 1048 sumus
689 1021 843 1056 Scriptura.

179 1107 289 1137 Novem.
305 1109 384 1143 Nota,
401 1119 500 1139 novem
513 1121 575 1141 esse
591 1113 704 1142 ordines
719 1113 828 1142 divinos
853 1114 932 1142 intel-

142 1153 296 1188 ligibilium.

179 1198 193 1233 5
215 1199 247 1226 ΙΙ.
270 1200 414 1228 Sacrorum
434 1203 569 1237 initiator,
590 1203 638 1231 Gr.
655 1204 849 1239 ίεροτελεστής.
865 1204 932 1232 Pro-

141 1245 230 1279 prium
243 1247 352 1280 quidem
366 1256 475 1275 sacrum
493 1249 595 1276 rituum
614 1250 799 1278 institutorem
814 1258 932 1279 consue-

140 1290 181 1318 vit
200 1299 299 1319 vocare
322 1297 368 1320 aut
384 1293 585 1322 divinissimum
594 1295 719 1330 Paulum,
742 1300 789 1323 aut
804 1302 931 1325 sanctum

141 1335 338 1372 Hierotheum3
363 1339 437 1366 sieut
458 1340 485 1366 in
508 1341 579 1367 libro
604 1341 643 1368 De
664 1341 759 1369 divinis
782 1343 930 1371 nominibus

140 1381 243 1408 dictum
263 1386 324 1416 est;
350 1391 423 1411 nunc
446 1389 537 1412 autem
563 1386 682 1413 arbitror
708 1387 797 1422 ipsum
825 1388 931 1415 nullum

140 1426 224 1453 alium
239 1428 340 1461 dicere,
356 1437 437 1463 quam
453 1434 578 1456 sanetum
591 1430 704 1457 Paulum
718 1441 725 1464 ;
741 1432 842 1460 nullius
858 1433 930 1460 enim

140 1470 210 1497 alius
227 1476 286 1498 erat
301 1480 383 1507 quam
401 1474 498 1508 ipsius,
515 1476 561 1510 qui
577 1484 665 1511 usque
683 1477 716 1503 ad
739 1478 851 1505 tertium
873 1486 932 1506 eoe-

140 1514 195 1542 lum
220 1518 340 1553 pertigit,
362 1523 387 1546 et
411 1527 443 1547 ea
456 1527 517 1555 quoe
531 1521 564 1549 de
577 1521 620 1549 his
640 1528 845 1558 cognoscuntur
864 1524 929 1552 edo-

138 1567 201 1591 otus
217 1568 270 1591 est.

359 1610 467 1639 Primus
480 1613 615 1641 ternarius
631 1614 707 1641 ordo.

224 1655 324 1683 Thmui
333 1676 341 1688 ‚
428 1658 577 1691 cherubim,
663 1660 806 1694 seraphim.

174 1699 298 1727 Assiduo.
309 1700 347 1728 De
361 1702 451 1737 primo
463 1711 605 1731 sacrorum
620 1705 746 1732 ordinum
761 1705 816 1733 Deo
829 1713 927 1741 appro-

138 1744 296 1779 pinquante.

173 1791 374 1820 Sanctissimos.
391 1792 513 1821 Primum
530 1795 682 1822 ternarium
694 1796 768 1823 hune
783 1800 809 1824 et
824 1796 872 1824 Dei
888 1797 927 1824 si-

137 1837 228 1864 milem
241 1839 346 1866 ordinis
357 1840 540 1874 principatum
558 1841 621 1867 lieet
632 1842 655 1867 ei
671 1842 718 1876 qui
733 1846 835 1869 attenta
848 1850 926 1870 men-

137 1888 164 1909 te
174 1887 200 1910 et
215 1884 296 1919 digne
312 1885 368 1912 Deo
382 1886 514 1918 intuetur,
528 1887 768 1921 comprehendere,
785 1892 855 1916 etex
867 1889 927 1923 ipso

137 1927 288 1962 Ezechiele,
308 1930 355 1965 qui
368 1930 444 1963 dicit,
458 1931 586 1958 thronum
603 1933 719 1967 primum
736 1933 763 1959 in
783 1941 838 1968 quo
851 1934 925 1962 visus

137 1978 180 2000 est
192 1973 282 2007 Deus;
299 1978 393 2009 postea
409 1977 501 2003 statim
517 1978 680 2005 assistentes
704 1978 812 2006 divinos
830 1979 926 2006 cheru-

136 2020 192 2046 bim
209 2028 215 2045 ε
234 2021 304 2055 apud
326 2021 423 2049 Isaiam
449 2026 540 2049 autem
562 2024 754 2051 sanctissimos
787 2026 925 2060 seraphim

136 2065 210 2092 circa
225 2066 308 2093 Deum
325 2071 429 2095 stantes
447 2070 658 2103 contemplatur.
677 2069 739 2096 llaee
755 2078 820 2097 vcro
833 2071 924 2098 decla-

136 2116 198 2138 rant
213 2120 368 2147 supremam
385 2114 507 2148 ipsorum
531 2122 613 2149 supra
630 2123 726 2143 omnes
748 2117 819 2151 apud
840 2117 923 2144 Deum

136 2163 248 2187 sortem.
263 2159 450 2194 Explanantur
464 2166 553 2187 autem
565 2161 623 2189 haee
638 2161 693 2188 sere
709 2163 833 2190 similiter
843 2164 923 2190 ctiam

136 2205 163 2231 in
175 2205 337 2241 Apocalypsi
352 2206 441 2234 sancti
456 2205 569 2233 soannis
585 2207 885 2243 apostoli,evangelista=
898 2213 924 2235 et
940 2214 961 2240 Ι)

135 2251 264 2286 theologi.

170 2296 337 2331 Immediate,
350 2297 397 2325 Gr.
413 2298 531 2333 ἀμέσως.
551 2297 616 2325 Sine
639 2298 728 2325 medio
744 2299 845 2326 dictum
861 2304 921 2333 est;

134 2343 355 2377 quandoquidem
370 2351 424 2370 non
440 2347 481 2370 cst
496 2343 565 2369 alius
578 2343 645 2370 ordo
659 2349 720 2370 ante
737 2345 835 2379 ipsum.
853 2344 921 2372 Nota

134 2395 209 2418 vero,
230 2396 291 2414 eum
308 2389 421 2416 thronos
438 2397 486 2416 scu
508 2388 697 2416 multi-oculos
713 2394 739 2416 ct
759 2391 920 2425 multi-pcn-

135 2440 183 2459 nes
206 2433 345 2460 ‹ln—rubim
369 2439 395 2461 ct
421 2436 557 2470 seraphim
579 2437 670 2463 dicere
691 2435 846 2469 superiores
860 2445 921 2465 csse

135 2477 261 2504 omnihus
275 2479 399 2511 virtutes,
418 2487 444 2507 et
457 2481 538 2509 unius
552 2482 629 2508 trime
646 2482 813 2509 hierarchiae.

170 2523 299 2558 Inclytus.
317 2525 446 2552 Sanctum
458 2527 572 2554 Paulum
588 2528 718 2555 insinuat.

171 2569 343 2596 I'otestatem.
357 2571 429 2598 Duos
447 2577 594 2606 sequentes
610 2574 750 2600 terniones
764 2573 921 2609 intelligibi-

135 2614 201 2641 lium
219 2619 328 2642 sanctos
344 2616 469 2642 ordinum
488 2619 657 2652 principatus
673 2619 707 2645 ab
721 2619 813 2646 intimo
829 2620 862 2646 ad
875 2628 921 2647 su-

136 2668 258 2694 premum
272 2666 405 2688 recenset.
422 2662 520 2689 Prinne
535 2664 606 2690 enim
622 2668 686 2691 sunt
700 2665 918 2698 dominationes;

135 2712 227 2740 postca
244 2712 395 2741 sequuntur
410 2709 541 2741 virtutes3
559 2710 674 2745 denique
690 2715 846 2744 potestates.
860 2711 919 2745 lpse

136 2757 224 2778 autu-1..
242 2757 388 2786 potestates
411 2753 512 2787 primas
533 2755 682 2785 collocans,
700 2756 802 2782 medias
814 2756 918 2790 accepit

136 2798 350 2831 dominationem
367 2803 393 2825 ct
405 2801 476 2826 tertii
495 2801 612 2834 liturgici
631 2802 682 2835 22
699 2801 842 2833 tcrnionis,
860 2801 916 2835 pri-

137 2843 171 2867 mi
190 2843 367 2877 pilae-ipatus,
388 2844 660 2879 ‹lcindexurc112111g--1i,
677 2852 701 2872 et
716 2850 852 2880 postremo
871 2854 917 2873 an<

990 246 1036 272 ρον
1055 238 1165 273 τρόπον,
1193 239 1314 264 τουτέστι
1336 238 1406 265 κατὰ
1428 237 1458 264 τὸ
1481 238 1604 271 θεοειδὲς,
1627 239 1695 274 ὅπερ
1716 239 1776 266 ἐστὶ

989 284 1058 311 κατὰ
1074 284 1105 311 τὸ
1116 284 1156 320 τῷ
1169 284 1228 320 Θεῷ
1244 284 1376 311 ὲοικέναι’
1394 284 1454 312 καθ’
1464 285 1525 311 ὅσον
1542 285 1650 319 ἐφικτὸν
1672 285 1775 321 ἑκάστῃ

988 330 1092 357 αὐτῶν·
1118 331 1188 357 ὥστε
1211 331 1300 363 πάσας
1339 331 1387 366 μὲν
1417 330 1467 363 τὰς
1496 331 1696 366 ὑπερκοσμίους
1723 332 1774 358 τά-

987 373 1043 405 ξεις
1063 373 1189 406 θεοειδεῖς
1209 374 1371 407 καλεῖσθαι,
1395 374 1443 402 καὶ
1467 374 1565 411 ἑτέραν
1584 375 1612 402 δὲ
1633 376 1775 403 κοινωνίαν

988 417 1058 453 ἔχειν
1073 419 1162 451 πάσας
1178 420 1264 452 αὐτὰς
1279 420 1328 455 τὴν
1344 421 1393 456 τῆς
1401 421 1600 456 φωτεινοτάτης
1616 421 1774 457 ἐλλάμψεως

987 465 1019 491 ἐκ
1035 464 1103 492 Θεοῦ
1117 466 1233 502 δωρεὰν,
1251 466 1302 494 κᾶν
1318 466 1387 502 πρὸς
1402 467 1433 493 τὸ
1448 467 1552 504 ἑκάστῃ
1568 468 1687 502 ἐφικτὸν,
1704 468 1774 503 ’ὴὲ-π’

987 510 1106 544 ἔλαττον,
1130 512 1147 547 ἢ
1164 513 1211 539 ἐπὶ
1234 512 1327 540 πλεῖον
1348 514 1365 548 ὴ
1389 513 1522 548 ἕλλαμψις
1544 513 1663 540 διδῶται.
1687 514 1731 540 Ἐν
1747 514 1775 540 δὲ

986 557 1025 593 τῷ
1043 559 1113 592 Περὶ
1140 560 1227 587 θείων
1248 559 1403 594 ὀνομάτων
1424 559 1496 595 λόγῳ
1513 559 1605 594 φησὶν,
1625 560 1667 586 ὅτι
1684 558 1775 595 [θεῖοι]

989 604 1063 638 μόνοι
1074 604 1196 638 λέγονται
1213 605 1237 632 οί
1253 605 1354 638 παντὸς
1369 605 1510 640 τάγματος
1525 605 1677 641 ταξίαρχοι.

1028 690 1196 725 Ὶδιότητας.
1224 692 1380 728 Σημείωσαι
1401 692 1460 724 πῶς
1484 692 1618 729 ἰδιότητας
1640 693 1714 728 λέγει
1726 692 1775 725 τὰς

987 736 1105 772 ἑκάστης
1117 737 1219 770 τάξεως
1234 732 1390 772 ἀναλογίας.

1223 783 1279 809 ΕιΣ
1294 783 1338 809 To
1354 783 1477 811 ΚΕΦΑΛ.
1496 785 1542 818 ς’.

1024 826 1038 862 §
1058 827 1079 855 1.
1096 829 1200 863 Μόνην
1220 828 1355 862 ἀκριὸὧς.
1375 829 1435 856 Ὅτι
1459 829 1538 864 μόνος
1562 831 1577 857 ὀ
1600 830 1666 863 Θεὸς
1690 831 1704 858 ὁ
1727 831 1776 858 καὶ

949 874 969 902 Β
984 872 1114 900 θεοποιῶν
1131 874 1228 906 αὐτοὺς
1240 894 1247 906 ,
1265 872 1335 901 οἶδεν
1359 874 1481 911 ἀκριὸῶς
1496 875 1593 907 αὐτούς
1608 884 1639 902 τε
1654 876 1701 902 καὶΙ
1725 876 1775 908 τὰς

983 918 1072 945 αὐτῶν
1088 919 1258 956 λειτουργίας
1270 928 1277 935 ·
1303 919 1350 946 κοιλΙ
1375 920 1450 947 αὐτοὶ
1465 920 1493 947 δὲ
1511 921 1599 948 ἴσασιν
1614 921 1711 954 αὐτοὺς
1727 923 1776 949 καὶ

983 964 1017 991 τὰ
1043 965 1157 992 ἑαυτῶν.
1190 965 1285 1000 Ἡμεῖς
1307 966 1362 1001 γὰρ
1384 966 1460 993 οὐδὲν
1491 967 1612 1002 ἀκριὸῶς
1636 967 1691 995 τῶν
1714 968 1774 995 κατ’

983 1010 1081 1042 αὐτοὺς
1105 1010 1291 1045 ἐπιστάμεθα,
1309 1011 1333 1036 εἰ
1351 1010 1389 1046 μὴ
1405 1011 1454 1037 ὅσοι
1471 1012 1503 1038 ἐκ
1517 1011 1566 1047 τῆς
1588 1011 1664 1045 θείας
1686 1012 1774 1039 ἐδιδά-

983 1056 1086 1092 χθημεν
1100 1057 1220 1092 sewiu-

1024 1103 1139 1130 Ἐννέα.
1152 1103 1307 1138 Σημείωσαι
1317 1123 1324 1136 ,
1342 1104 1383 1130 ότι
1399 1103 1478 1130 ἐννέα
1502 1103 1556 1131 εἰσὶ
1570 1103 1698 1140 τάγματα
1714 1104 1775 1133 θεῖα

981 1147 1035 1174 τῶν
1052 1149 1164 1183 νοητῶν.

1019 1193 1033 1228 5
1052 1193 1083 1220 11.
1113 1194 1344 1228 Ἶεροτελεστής.
1368 1195 1564 1232 Ἱερστελεστὴν
1596 1196 1646 1232 μὲν
1673 1198 1773 1225 οἰκεῖον

982 1239 1060 1265 εἴωθε
1077 1239 1169 1266 καλεῖν
1181 1260 1188 1272 ,
1205 1240 1222 1275 ἢ
1239 1241 1283 1267 τὸν
1300 1241 1435 1267 θειότατον
1451 1242 1598 1269 ἀπόστολον
1622 1243 1737 1276 Παῦλον,
1754 1244 1772 1280 ἣ

981 1285 1026 1311 τὸν
1043 1285 1119 1319 ἅγιον
1133 1286 1271 1322 Ἱερόθεον,
1288 1287 1325 1319 ὡς
1342 1288 1371 1313 ἐν
1387 1287 1426 1323 τῷ
1441 1288 1511 1322 Περὶ
1524 1289 1610 1315 θείων
1620 1289 1773 1324 ὀνομάτων

982 1331 1078 1366 ἐλέχθη
1095 1332 1181 1367 λόγῳ·
1207 1333 1255 1359 νῦν
1276 1333 1304 1359 δὲ
1320 1333 1414 1361 οὐδένα
1429 1333 1523 1370 ἓτερον
1538 1334 1658 1370 ἠγοῦμαι
1681 1334 1772 1368 λέγειν

982 1378 1061 1404 αὐτὸν
1077 1378 1093 1413 ἢ
1110 1379 1156 1405 τὸν
1172 1379 1248 1413 ἅγιον
1265 1380 1387 1406 Παῦλον·
1414 1381 1520 1412 οὐδενὸς
1536 1380 1591 1417 γὰρ
1606 1379 1639 1416 ἦν
1657 1381 1736 1408 ἄλλον
1753 1381 1770 1416 ἢ

982 1424 1063 1451 αὐτοῦ
1087 1425 1134 1451 τοῦ
1160 1425 1224 1461 ἄχρι
1246 1427 1338 1461 τρίτου
1361 1426 1475 1463 οὐρανοῦ
1493 1427 1657 1462 φθάσαντος,
1675 1427 1721 1453 καὶ
1735 1426 1771 1452 τὰ

982 1470 1046 1505 περὶ
1062 1470 1164 1498 τούτων
1181 1471 1340 1507 μυηθέντος.

1190 1604 1291 1639 Πρώτη
1310 1606 1443 1641 τριαδικὴ
1456 1606 1548 1640 τάξις.

1285 1654 1436 1687 χερουόίμ,
1543 1654 1683 1688 σεραφίμ.

1012 1696 1180 1730 Προσεχῶς.
1199 1699 1266 1734 Περὶ
1282 1700 1328 1725 τοῦ
1345 1699 1403 1734 Θεῷ
1420 1699 1574 1733 ἐγγίζοντος
1591 1699 1698 1735 πρώτου
1714 1700 1768 1727 τῶν

979 1741 1059 1776 ἱερῶν
1075 1744 1231 1777 ταγμάτων.

1019 1788 1221 1823 Ἀγιωτάτους.
1248 1790 1302 1825 Τὴν
1319 1791 1430 1826 πρώτην
1446 1792 1586 1827 τριαδικὴν
1602 1793 1704 1828 ταύτην
1721 1793 1768 1820 καὶ

978 1832 1079 1869 θεοειδῆ
1111 1834 1271 1870 ταξιαρχίαν
1297 1836 1354 1862 ἔστι
1381 1837 1426 1863 τὸν
1453 1837 1585 1872 νουνεχῶς
1611 1839 1658 1864 καὶ
1685 1838 1768 1870 ἀξίως

977 1879 1043 1905 Θεοῦ
1054 1881 1253 1907 κατοπτεύοντοι
1264 1882 1436 1914 καταλαῧεῖν,
1448 1883 1501 1909 ἀπό
1511 1892 1540 1909 τε
1556 1883 1602 1909 τοῦ
1626 1883 1765 1919 Ἰεζεκιὴλ,

977 1925 1006 1956 ὅς
1023 1934 1090 1960 φησι
1107 1926 1200 1961 θρόνον
1217 1927 1324 1962 πρῶτον
1335 1947 1342 1959 ,
1360 1929 1402 1962 ἐφ’
1419 1926 1449 1955 οὗ
1473 1929 1550 1964 ῶφθη
1572 1930 1586 1955 ὁ
1608 1929 1683 1960 Θεός·
1708 1927 1766 1956 εἷτα

977 1971 1056 2003 εὐθὺς
1071 1972 1186 2007 ἐχόμενα
1196 1972 1230 1999 τὰ
1247 1973 1306 1999 θεῖα
1322 1974 1463 2009 χερουὸίμ·
1482 1975 1557 2010 παρὰ
1573 1974 1600 2000 δὲ
1617 1975 1655 2009 τῷ
1670 1975 1766 2010 Ἡσαΐᾳ

976 2018 1010 2044 τὰ
1034 2018 1169 2052 ἁγιώτατα
1197 2020 1317 2054 σεροιφὶμ
1343 2019 1434 2054 κύκλῳ
1462 2020 1592 2054 ἱστάμενα
1620 2020 1667 2045 τοῦ
1697 2020 1764 2046 Θεοῦ

977 2064 1140 2098 θεωροῦντα.
1165 2064 1256 2090 Ταῦτα
1278 2065 1306 2090 δὲ
1330 2065 1405 2099 δηλοῖ
1421 2065 1469 2100 τὴν
1486 2065 1555 2100 ὑπὲρ
1571 2065 1673 2096 πάντας
1696 2065 1765 2092 ἀνω-

975 2109 1048 2136 τάτω
1072 2110 1146 2145 παρὰ
1172 2110 1217 2136 τὸν
1241 2111 1307 2137 Θεὸν
1330 2111 1418 2136 αὐτῶν
1434 2110 1518 2145 λῆξιν·
1537 2110 1711 2146 σαφηνίζεται
1736 2112 1764 2138 δὲ

975 2156 1061 2182 ταῦτα
1078 2156 1171 2190 σχεδὸν
1188 2155 1387 2191 παραπλησίως
1404 2156 1451 2182 καὶ
1474 2157 1503 2182 ὲν
1528 2158 1561 2191 τῇ
1585 2156 1764 2191 Ἀποκαλύψει

975 2201 1021 2227 τοῦ
1050 2202 1127 2235 ἁγίου
1161 2202 1302 2233 Ἰωάννου,
1326 2201 1371 2228 τοῦ
1395 2202 1554 2235 ἀποστόλου,
1571 2202 1761 2236 εὐαγγελιστοῦ

978 2248 1022 2274 καὶ
1040 2248 1172 2282 θεολόγου.

1019 2295 1157 2329 ’Λμὲσως.
1183 2295 1304 2329 ’Λμέσως
1321 2295 1437 2330 εἴρηται,
1455 2293 1545 2329 ἐπειδὴ
1562 2294 1611 2320 οὐκ
1627 2293 1699 2320 ἔστιν
1715 2294 1760 2320 ἃλ-

975 2340 1004 2366 λο
1023 2340 1115 2375 τάγμα
1139 2340 1192 2375 πρὸ
1222 2340 1316 2374 αὐτῆς.
1334 2340 1487 2375 Σημείωσαι
1504 2339 1550 2371 δὲ,
1567 2339 1607 2365 ὅτι
1623 2339 1684 2371 τοὺς
1700 2339 1761 2375 0ρὸ-

974 2395 1051 2417 νους,
1078 2387 1136 2421 ἤτοι
1161 2386 1196 2412 τὰ
1222 2386 1402 2420 πολυόμματα
1427 2385 1473 2412 καὶ
1495 2384 1528 2411 τὰ
1545 2385 1701 2420 πολύπτερα
1717 2394 1761 2420 χε-

975 2432 1072 2466 ρουὸὶμ
1097 2432 1142 2457 καὶ
1168 2432 1288 2467 σεραφὶμ
1312 2432 1384 2465 λέγει
1407 2432 1544 2466 ἀνω-τέρας
1567 2430 1635 2458 εἶναι
1666 2433 1758 2458 πασῶν

1064 1651 1178 1684 Θρόνοι,

973 2477 1100 2512 δυνάμεις
1118 2478 1163 2503 καὶ
1178 2478 1227 2512 τῆς
1246 2479 1309 2512 μιᾶς
1326 2477 1465 2513 τριαδικῆς
1483 2478 1630 2513 ἱεραρχίας.

1013 2523 1043 2549 '0
1058 2524 1184 2555 κλεινός.
1202 2524 1253 2549 Τὸν
1270 2523 1344 2557 ἅγιον
1362 2523 1466 2549 Παῦλον
1483 2523 1638 2549 αἰνίττεται,

1014 2569 1185 2599 Ἐξιυσιών.
1208 2569 1262 2600 Τὰς
1279 2568 1378 2603 ἐφεξῆς
1394 2568 1438 2594 δύο
1463 2568 1603 2603 τριαδικὰς
1624 2569 1678 2594 τῶν
1699 2577 1757 2602 νοη-

969 2614 1023 2640 τῶν
1039 2615 1119 2648 ἁγίας
1142 2615 1301 2650 ταξιαρχίας
1325 2615 1446 2641 κάτωθεν
1468 2616 1508 2646 εἰς
1524 2615 1578 2642 ἄνω
1595 2615 1753 2649 καταλέγει·

971 2661 1077 2695 πρῶται
1093 2662 1146 2696 γάρ
1162 2662 1230 2687 εἰσιν
1246 2662 1272 2686 αἱ
1289 2661 1455 2695 κυριότητες·
1475 2659 1534 2687 εἶτα
1550 2661 1611 2696 ἑξῆς
1627 2662 1653 2687 αἱ
1676 2660 1754 2687 δυνά-

973 2716 1041 2742 μεις·
1061 2706 1118 2734 εἶτα
1134 2709 1161 2734 αἱ
1178 2707 1306 2740 ἐξουσίαι,
1325 2707 1408 2737 Αὐτὸς
1424 2707 1451 2732 δὲ
1467 2706 1515 2737 τὰς
1541 2706 1662 2738 ἐξουσίας
1679 2705 1753 2741 πρώ-

969 2763 1017 2785 τας
1042 2754 1144 2786 τάξας,
1170 2753 1254 2788 μέσοις
1278 2753 1356 2779 &aee
1380 2753 1428 2783 τὰς
1445 2753 1616 2787 κυριοτητας·
1634 2753 1680 2778 καὶ
1704 2752 1752 2786 τῆς

969 2801 1063 2835 τρίτης
1079 2801 1265 2835 λειτουργικῆς
1281 2800 1386 2834 τριάδος
1412 2799 1517 2834 πρῶται
1534 2800 1560 2824 αἱ
1584 2799 1676 2833 ἀρχαὶ,
1695 2797 1753 2823 εἶτα

971 2846 1060 2872 λοιπὸν
1083 2848 1106 2873 οξ
1132 2846 1308 2882 ἀρχάγγελοι·
1334 2846 1379 2872 καὶ
1402 2846 1431 2871 τὸ
1459 2845 1610 2871 τελευταῖον
1633 2844 1739 2878 ἄγγελοι
