1860 2961
183 95 214 121 75
580 94 747 123 APPENntx
767 98 813 124 An
831 98 944 125 OPERA
963 98 990 127 S.
1003 99 1149 129 DtONt'Stt
1164 102 1401 132 AREOPAGtTAE.

1731 109 1778 136 476

163 157 234 179 mate
251 153 349 179 utitur:
366 154 446 179 ctiam
459 153 479 180 si
497 154 541 188 qui
560 156 685 189 praesenti
703 155 761 183 loco
779 157 945 183 inducuntur
959 159 978 186 Α
994 158 1107 192 ἕκαστος
1122 162 1195 197 παρὰ
1214 164 1267 189 τῶν
1283 163 1422 197 ὁμοταγῶν
1445 164 1538 198 ἁγίων,
1562 166 1606 191 καὶ
1630 167 1678 192 οὐκ
1703 166 1777 192 ἀντι-

163 201 316 233 inferiores,
333 201 400 228 sorte
415 209 429 228 a
443 202 642 236 potentioribus
661 204 765 238 priores
783 210 942 239 acceperant

163 246 300 280 injuriam.
319 247 371 274 Sed
397 252 423 274 et
444 248 487 274 hic
505 249 615 283 quinam
634 251 702 276 ratio
715 251 767 277 dici
787 252 873 285 possit
896 253 942 278 ad-

160 301 268 319 versum
293 302 321 320 se
339 294 467 321 inferiora
489 295 656 330 delinquere,
675 297 743 322 iram
758 297 818 323 dieo
835 302 858 323 et
878 306 938 324 eon-

160 340 357 373 cupiscentiam
370 341 380 366 ἱ)
393 340 460 367 Nam
482 342 591 375 quando
609 344 665 377 ipsa
688 344 819 370 adnititur
842 346 942 379 princi-

159 389 252 419 patum
267 386 385 413 retinere
405 387 457 415 sibi
479 387 524 414 Dei
539 396 651 415 munere
676 389 828 422 indultum3
847 399 942 425 perur-

159 436 237 465 getur
260 436 349 459 tamen
378 433 412 459 ab
439 433 482 461 his
509 442 542 461 nc
569 443 618 462 suo
631 436 693 469 Jure
720 436 802 463 libere
832 441 939 470 utatur;

159 476 253 510 injttsti
281 483 354 505 certe
377 487 441 510 nos,
464 480 509 514 qui
533 488 585 506 non
608 486 727 515 tempore
751 484 941 511 contendimus

157 530 237 556 opem
254 523 324 550 serre
349 525 483 552 laboranti
507 527 615 554 rationi.
635 527 699 554 Jure
718 529 809 562 itaque
825 529 940 558 eximius

159 568 203 595 ille
220 568 321 596 Paulus
338 570 480 598 Timotheo
489 573 571 598 edicit
586 581 633 606 per
643 574 796 607 epistolam,
810 584 843 601 ne
860 584 939 610 quem

157 615 314 646 pronuntiet
327 615 454 643 Ecclesiae
469 618 587 651 primatu
601 618 727 652 dignum,
740 620 786 654 qui
800 628 852 646 non
866 621 940 655 prius

157 660 230 686 norit
247 669 302 688 suae
319 662 410 689 domui
430 663 547 697 legitime
567 672 682 698 praeesse
699 670 718 692 ⁰.
742 666 809 693 lluic
830 671 940 694 senten-

156 704 200 730 tia:
217 705 329 738 pulchre
346 707 491 733 admodum
511 708 602 736 divina
613 710 761 737 concinunt
775 711 918 746 Evangelia
931 723 937 740 :

156 751 208 782 Qui
230 752 255 777 in
276 753 375 779 nwdico
396 754 481 788 fidelis
497 775 503 786 ,
526 760 548 781 ei
574 757 600 782 in
625 758 706 783 multo
737 759 822 792 fidelis
838 763 863 787 Ρ.
881 759 940 794 lpse

155 804 230 828 vero,
247 798 328 824 sicuti
346 800 538 833 prsemisimus,
552 810 611 836 quae
626 804 734 838 proprie
750 805 860 837 rationi,
879 814 939 840 quae

154 843 201 869 irre
219 845 390 878 peculiariter
404 850 560 881 competunt
572 853 597 875 et
613 850 850 884 ‹concupiscenti-te,
868 860 938 879 seor-

155 889 205 914 sim
222 898 271 915 sua
283 891 381 925 cuique
399 893 491 918 munia
508 895 691 927 praescribito:
704 896 754 923 lioc
771 902 821 928 est,
838 903 864 924 tu
881 899 938 932 ipse

153 941 188 960 ne
205 934 287 960 alium
298 936 454 969 quemlibet,
467 938 552 972 magis
568 945 656 966 autem
674 944 699 967 te
711 941 798 975 ipsum
812 943 937 970 adrecti-

153 980 273 1007 tudinem
299 982 360 1008 vitae
387 983 566 1019 ordinemque
588 993 704 1018 revoca,
724 987 799 1020 juxta
817 989 937 1024 singulas

153 1027 250 1053 animm
277 1032 329 1054 tuse
350 1031 421 1056 vires
450 1031 549 1065 cuique
573 1040 687 1066 earum,
712 1035 783 1068 quod
807 1041 936 1069 meretur,

153 1080 277 1099 seorsum
295 1074 466 1108 impertiens.
483 1076 544 1104 Tibi
558 1078 665 1106 interim
682 1081 789 1108 diaconi
805 1083 864 1109 vitae
880 1083 936 1110 sor-

153 1119 254 1144 mulam
269 1122 458 1154 prazscribant,
477 1122 531 1150 illis
551 1124 615 1151 item
630 1126 792 1161 presbyteri,
811 1128 853 1155 liis
870 1137 937 1163 pon-

152 1164 250 1196 tifices,
275 1166 450 1199 pontificibus
474 1170 607 1202 apostoli,
625 1178 712 1205 neque
730 1180 782 1198 non
799 1174 937 1207 apostolo-

150 1219 211 1237 rum
230 1219 412 1240 successores.
430 1213 459 1240 ln
480 1216 581 1242 mundo
601 1216 734 1250 siquidem
751 1219 935 1253 apostolorum

151 1257 276 1283 nonnulli
293 1259 455 1292 superstites
472 1260 562 1287 adhue
578 1265 670 1294 erant3
685 1261 731 1289 sed
748 1267 775 1289 et
791 1271 844 1290 non
856 1264 935 1298 pauci

151 1303 309 1334 apostoticae
326 1304 476 1332 functionis
497 1314 673 1335 successores
686 1308 721 1334 ab
734 1308 787 1336 illis
801 1310 933 1342 ordinati,

150 1352 231 1381 atque
247 1349 283 1375 ita
299 1350 417 1384 legitime
433 1351 542 1378 tandem
557 1354 743 1388 unnsquisque
761 1356 793 1381 ad
815 1356 935 1383 officium

150 1396 322 1422 revocabitur
348 1403 363 1422 a
388 1398 430 1423 sui
453 1398 558 1425 ordinis
583 1400 700 1433 sanctis3
719 1401 765 1427 sed
783 1409 870 1436 neque
892 1401 934 1429 in-

149 1443 265 1469 vertitur
291 1451 380 1470 rerum
399 1445 477 1472 ordo.
499 1445 561 1473 llaec
579 1451 632 1472 tam
648 1448 732 1474 multa
749 1448 797 1475 tibi
814 1456 846 1475 eo
861 1448 933 1476 dicta

150 1488 216 1519 sint,
230 1490 382 1523 utteipsum
393 1490 510 1524 primum
521 1492 640 1523 noveris,
653 1492 750 1520 delnde
764 1497 839 1520 tuum
849 1494 933 1528 ipsius
948 1502 968 1531 C

149 1534 283 1561 ordinem.
300 1535 336 1562 De
354 1536 399 1562 illa
417 1541 506 1563 autem
523 1542 567 1563 tua
586 1538 612 1564 in
625 1543 792 1572 peccatorem
810 1540 934 1566 immani-

149 1584 214 1611 tate,
233 1589 285 1607 non
298 1582 364 1608 satis
376 1581 508 1616 intelligo,
522 1590 575 1617 quo
588 1591 646 1609 eam
662 1584 769 1618 planctu
784 1585 932 1619 deplorem,

149 1628 308 1660 proplietam
326 1628 460 1660 imitatus,
482 1629 673 1656 contritionem
696 1638 824 1665 perquam
842 1631 933 1659 dilecti

148 1674 302 1700 christiani.
319 1674 404 1707 Cujus
425 1675 497 1701 enim
513 1676 599 1709 gratia
620 1683 634 1701 a
650 1676 728 1703 nobis
743 1678 844 1704 ascitus
862 1686 891 1704 es
907 1678 932 1704 in

148 1720 270 1747 ordinem
288 1722 424 1748 cultorum
444 1722 508 1750 Dei,
536 1722 640 1749 alienus
658 1730 718 1749 eum
735 1732 809 1751 esses
831 1725 864 1751 ab
882 1725 933 1752 liae

148 1771 242 1793 nostra
258 1768 412 1802 religione?
424 1767 625 1802 Tempestirum
641 1768 696 1801 jam
717 1768 807 1801 suerit,
823 1771 932 1804 quando

147 1817 174 1839 te
196 1813 276 1839 talem
300 1813 427 1844 exhibes,
453 1818 482 1839 nt
505 1813 587 1839 Deum
610 1814 709 1845 alium,
728 1815 796 1841 alios
820 1815 932 1850 insuper

148 1859 304 1886 sacerdotes
332 1860 474 1893 perquiras
497 1869 502 1885 :
531 1860 624 1894 sieque
640 1860 711 1894 apud
727 1861 787 1888 illos
804 1861 931 1890 efferatus

147 1905 290 1936 desaevias,
308 1909 355 1931 aut
379 1906 466 1932 sacris
482 1905 588 1932 initiere
602 1910 627 1931 et
642 1906 802 1940 perficiaris.
817 1907 930 1936 Nescius

147 1952 212 1977 mihi
232 1951 338 1983 videre,
355 1959 435 1986 quam
455 1952 481 1978 in
496 1955 600 1985 partem
616 1960 723 1986 pecces,
737 1954 782 1987 qui
797 1957 822 1980 te
837 1955 931 1981 existi—

147 2004 205 2022 mas
218 1996 316 2023 acriter
330 2005 385 2023 rem
400 1998 553 2032 perspicere
567 2006 628 2024 eum
646 2006 738 2025 revera
756 1998 821 2024 nihil
841 1999 930 2026 minus

147 2043 184 2069 sis
198 2050 277 2076 quam
293 2043 398 2069 videus.
413 2044 492 2077 270
509 2043 655 2078 Obstupuit
669 2044 767 2070 coelum
777 2052 858 2078 super
868 2045 928 2077 boc,

144 2087 221 2120 juxta
242 2087 390 2114 Jercmise‘t
408 2089 564 2121 oraculum3
590 2089 636 2116 sed
656 2093 683 2116 ct
707 2089 763 2123 ipse
787 2090 926 2116 exhorrui.

146 2134 222 2165 Quod
238 2134 264 2160 ni
278 2138 338 2160 tuas
351 2134 455 2161 litteras
466 2136 645 2169 excepissent,
658 2136 811 2161 nullatenus
825 2136 926 2161 sueram

995 208 1176 242 στραφήσεται
1200 210 1216 243 ἡ
1239 208 1324 240 τάξις.
1350 210 1474 236 Τοσαῦτα
1495 220 1534 238 σοι
1555 212 1589 238 τὰ
1612 213 1676 248 παρ’
1701 214 1777 249 ἡμῶν

994 253 1062 288 ὑπὲρ
1077 254 1123 280 τοῦ
1138 255 1236 280 εἰδέναι
1258 256 1371 282 σεαυτὸν
1384 257 1431 282 καὶ
1451 257 1499 292 τὴν
1526 258 1592 284 ἰδίαν
1607 259 1691 292 τάξιν.
1712 260 1778 294 Περὶ

992 299 1019 324 δὲ
1035 300 1084 334 τῆς
1098 302 1137 331 εἰς
1157 301 1202 327 τὸν
1227 302 1386 336 ἁμαρτωλὸν
1407 303 1619 339 ἀπανθρωπίας,
1646 307 1695 332 ούκ
1721 304 1778 332 οἶδα

993 344 1051 375 πῶς
1065 345 1214 381 κλαύσομαι
1236 348 1411 382 προφητικῶς
1426 348 1456 374 τὸ
1473 349 1627 385 σύντριμμα
1644 351 1690 377 τοῦ
1708 351 1775 384 ἀγα-

993 390 1078 425 πητοῦ
1108 392 1263 427 χριστιανοῦ
1280 402 1286 407 ·
1316 393 1394 429 χάριν
1426 394 1479 430 γὰρ
1507 396 1578 427 τίνος
1607 397 1776 432 θεραπευτὴς

992 436 1106 472 ἐτάχθης
1131 439 1195 472 παρ’
1219 438 1313 473 ἡμῶν,
1338 439 1475 475 ἀλλότριος
1498 440 1534 467 ὢν
1557 441 1606 476 τῆς
1627 443 1687 468 καθ’
1702 444 1774 478 ἡμᾶς

992 480 1151 515 θεραπείας;
1168 483 1220 508 Καὶ
1241 483 1300 508 ἐπεὶ
1316 483 1435 515 τοιοῦτος
1450 482 1489 515 εἷ,
1504 484 1562 520 ὥρα
1580 494 1620 511 σοι
1641 487 1687 512 καὶ
1709 488 1774 513 Θεὸν

992 527 1037 553 καὶ
1050 528 1138 562 ἱερέας
1149 528 1257 562 ἐτέρους
1269 528 1368 563 ζητεῖν,
1385 530 1421 561 ὡς
1436 530 1467 556 ἂν
1483 530 1618 566 θηριωθῇς
1630 533 1692 567 παρ’
1705 533 1774 558 ὲκεί-

991 581 1043 598 νων
1057 572 1075 607 ἢ
1088 573 1215 608 τελεσθῇς
1230 573 1283 608 (l),
1300 573 1361 600 οὔτε
1377 575 1454 606 εἰδὼς
1469 577 1497 601 ὲν
1515 576 1567 602 τίνι
1583 577 1771 611 προσκόπτεις,

991 617 1037 642 καὶ
1051 618 1171 652 οἰόμενος
1193 619 1310 653 βλέπειν,
1332 620 1437 655 ἀληθῶς
1450 622 1480 647 οὐ
1499 621 1612 656 βλέπων.
1636 623 1743 658 Ἐξέστη
1760 625 1774 649 ὀ

991 663 1102 697 οὐρανὸς
1118 665 1162 690 ἐπὶ
1178 665 1273 700 τούτῳ,
1296 666 1366 692 κατὰ
1379 666 1424 693 τὸν
1447 667 1591 702 Ἰερεμίαν,
1619 669 1664 694 καὶ
1679 668 1775 704 ἔφριξα

991 709 1054 742 ἐγώ.
1072 710 1126 736 Καὶ
1141 711 1164 736 εἰ
1185 711 1220 745 μὴ
1244 711 1277 737 τὰ
1301 711 1333 737 σὰ
1355 712 1505 747 γράμματα
1521 713 1661 750 ἐδεξάμην,
1677 716 1726 741 οὐκ
1741 715 1774 741 ἂν

991 755 1075 791 ἑτέρῳ
1091 756 1202 782 τοιαῦτα
1221 757 1284 792 περὶ
1299 757 1344 784 σοῦ
1365 758 1469 792 λέγοντι
1489 759 1644 786 ἐπίστευον·
1662 761 1702 786 ὅτι
1723 762 1774 795 Δη-

992 801 1101 835 μόφιλος
1115 802 1161 827 καὶ
1177 801 1222 827 τὸν
1244 802 1310 829 Θεὸν
1332 803 1538 839 ἀφιλάνθρωπον
1555 806 1602 831 καὶ
1617 806 1711 831 ἑαυτὸν
1735 806 1772 841 μὴ

989 846 1089 873 δεῖσθαι
1103 847 1193 878 ἐλέους
1209 847 1311 881 οἴεται,
1327 849 1372 874 καὶ
1386 850 1449 880 τοὺς
1464 850 1543 884 ἱερεῖς
1554 850 1755 886 νιίιποχειροτονεῖ
1765 861 1771 866 ·

988 892 1043 917 ἀλλ’
1069 893 1083 918 ὁ
1107 893 1244 928 Δεσπότης
1264 894 1380 929 Χριστὸς
1402 895 1552 921 καὶταῦτα
1574 897 1773 931 κεχωρισμένος

987 938 1039 964 ἀπὸ
1052 938 1105 964 τῶν
1121 939 1305 974 ἁμαρτωλῶν,
1331 940 1500 975 (Ἀμαρτίαν
1522 942 1576 976 γὰρ
1600 944 1654 968 οὐκ
1674 943 1773 977 ἑποΙη.

987 992 1051 1015 σεν,
1073 985 1142 1011 οὐδὲ
1165 985 1269 1019 εὑρέθη
1291 985 1381 1018 δόλος
1401 987 1435 1012 ἑν
1456 987 1495 1019 τῷ
1509 988 1631 1021 στόματι
1650 989 1771 1024 αὐτοῦ’)

987 1030 1031 1056 καὶ
1045 1030 1093 1065 τὴν
1110 1030 1162 1057 τῶν
1180 1031 1323 1066 προῧάτων
1348 1033 1527 1068 ποιμαντικὴν
1542 1034 1639 1069 δεῖγμα
1662 1036 1711 1070 τῆς
1732 1037 1772 1067 είς

986 1076 1079 1102 ἑαυτὸν
1096 1077 1205 1112 ἀγάπης
1227 1079 1357 1104 ποιεῖται·
1374 1079 1420 1105 καὶ
1434 1079 1480 1105 τον
1497 1080 1533 1115 μὴ
1549 1081 1662 1114 ἀφιέντα
1683 1082 1772 1116 ὀλίγον

985 1121 1024 1156 τῷ
1041 1123 1179 1158 συνοικέτῃ
1194 1123 1279 1150 πολλὰ
1292 1124 1418 1158 ἀφεθέντι
1432 1127 1548 1161 πονηρὸν
1562 1128 1708 1159 ἀποκαλεῖ,
1725 1129 1772 1155 καὶ

985 1167 1084 1193 δικαιοῖ
1098 1168 1151 1194 τῶν
1166 1169 1273 1196 οἰκείων
1290 1170 1445 1202 ἀπολαύειν,
1462 1172 1583 1206 δηλονότι
1598 1174 1644 1199 τοῦ
1662 1172 1771 1207 σκότους

986 1214 1032 1238 καὶ
1048 1215 1096 1248 τῆς
1110 1215 1243 1250 τιμωρίας
1254 1215 1290 1250 (ΕΞ)
1301 1224 1307 1230 ”
1322 1216 1410 1242 ταῦτα
1421 1216 1474 1252 γὰρ
1489 1219 1575 1244 οἰκεῖα
1588 1218 1626 1254 τῷ
1643 1220 1752 1255 πονηρῷ
1762 1229 1769 1236 ·

986 1259 1067 1290 αὑτός
1083 1260 1165 1292 ἐστιν,
1183 1260 1212 1291 ὃς
1229 1261 1275 1287 καὶ
1291 1261 1361 1297 ὑπὲρ
1377 1262 1430 1288 τῶν
1446 1260 1633 1298 σταυρούντων
1650 1265 1770 1300 προσηύ-

985 1313 1056 1340 χετο.
1082 1306 1213 1341 Ἐπετίμα
1235 1307 1263 1333 δὲ
1284 1308 1331 1333 καὶ
1347 1309 1403 1339 τοῖς
1419 1309 1551 1343 μαθηταῖς
1567 1310 1636 1336 κατὰ
1650 1311 1702 1336 τῶν
1721 1312 1771 1337 Σα-

986 1352 1121 1387 μαρειτῶν
1141 1352 1265 1386 λέγουσι,
1290 1354 1380 1383 καθὼς
1404 1355 1450 1380 καὶ
1473 1356 1501 1380 ἐν
1522 1356 1560 1391 τῷ
1577 1356 1646 1382 κατὰ
1665 1357 1770 1384 Λουκᾶν

985 1397 1054 1431 ἁγίῳ
1080 1398 1235 1433 Εὐαγγελίῳ
1258 1398 1432 1433 γέγραπται·
1463 1400 1516 1426 Καὶ
1546 1400 1600 1435 γὰρ
1628 1401 1642 1426 ὁ
1670 1401 1770 1436 Κύριος

984 1443 1052 1478 πρὸς
1074 1444 1170 1474 αὐτούς
1186 1452 1267 1478 φησιν
1281 1452 1287 1458 ·
1304 1445 1363 1470 Οὐκ
1379 1444 1476 1471 οἴδατε
1493 1446 1579 1472 ποίου
1603 1447 1770 1480 πνεύματός

984 1490 1064 1521 ἐστε,
1079 1490 1198 1524 δηλονότι
1215 1490 1279 1525 ποίᾳ
1297 1491 1388 1525 χάριτι
1403 1491 1549 1518 ὄιακονεῖτε
1561 1493 1607 1526 (3).
1624 1493 1658 1518 Σὺ
1676 1493 1698 1518 δ’
1714 1494 1769 1520 ἅνω

985 1534 1031 1561 καὶ
1053 1535 1127 1561 κάτω
1151 1535 1290 1570 θρυλλεῖς,
1313 1536 1350 1567 ὡς
1373 1537 1418 1563 τὸν
1440 1537 1506 1562 Θεὸν
1529 1537 1702 1572 ἑξεδίκησας,
1726 1539 1768 1565 διὰ

984 1581 1082 1612 κακίας
1098 1581 1142 1607 τὸν
1160 1581 1267 1615 ἀγαθόν·
1287 1582 1386 1615 ἄπαγε.
1411 1583 1438 1608 Ὁ
1453 1583 1595 1617 ἀρχιερεὺς
1611 1584 1688 1618 ἡμῶν
1703 1586 1768 1620 Χρι-

985 1627 1045 1657 στὸς
1059 1646 1065 1657 ,
1083 1627 1184 1658 ἄκακος
1197 1647 1204 1658 ,
1223 1627 1327 1663 πραῢς,
1350 1627 1461 1662 ἱλασμός
1483 1629 1539 1654 ἐστι
1555 1630 1616 1663 περὶ
1633 1629 1686 1655 τῶν
1701 1631 1768 1664 ἡμε-

983 1672 1068 1707 τέρων
1084 1673 1234 1707 ἁμαρτιῶν.
1260 1673 1354 1699 Τοίνυν
1373 1675 1422 1700 οὐκ
1445 1673 1629 1709 ἀποδεξόμεθα
1649 1683 1695 1700 σου
1719 1676 1768 1708 τὰς

983 1717 1135 1752 ἀζηλώτους
1156 1718 1261 1753 ὁρμὰς,
1277 1719 1300 1744 εἰ
1318 1719 1363 1744 καὶ
1380 1719 1508 1750 πολλάκις
1527 1719 1662 1755 προὸάλλῃ
1679 1721 1723 1746 τόν
1738 1730 1767 1746 τε

985 1762 1078 1788 Ἠλίαν
1104 1764 1150 1789 καὶ
1174 1764 1218 1789 τὸν
1240 1764 1329 1795 Φινεὲς
1341 1785 1347 1797 ,
1372 1764 1467 1798 λέγων,
1495 1765 1534 1790 ὅτι
1563 1766 1620 1791 κατ’
1648 1766 1768 1797 ἐκείνους

982 1799 1128 1843 ἐποίησας’
1147 1809 1205 1835 οὐδὲ
1221 1809 1274 1844 γὰρ
1294 1810 1424 1844 ἠρέσκετο
1438 1811 1451 1835 ὁ
1467 1810 1567 1845 Κύριος
1588 1810 1694 1844 λέγουσι
1711 1820 1765 1838 τοι-

981 1854 1050 1880 αῦτα
1066 1854 1235 1889 ἀπάνθρωπα
1251 1857 1305 1886 τοῖς
1325 1855 1364 1882 ἔτι
1381 1856 1523 1890 ἀμετόχοις
1538 1857 1584 1882 τοῦ
1611 1857 1766 1892 Πνεύματος

983 1902 1124 1936 μαθηταῖς.
1137 1902 1220 1928 Τοῦτο
1228 1902 1255 1927 δὲ
1264 1903 1338 1928 εἶπεν
1350 1903 1364 1928 ὁ
1375 1902 1468 1938 Πατὴρ
1487 1903 1552 1937 πρὸς
1560 1903 1589 1928 τὸ
1603 1903 1701 1929 τέλειον
1717 1905 1766 1939 τῆς

981 1948 1083 1983 δωρεᾶς
1102 1947 1213 1979 ἀπιδὼν,
1229 1946 1262 1983 ἦς
1286 1948 1380 1974 ἔλαὸον
1399 1949 1465 1983 μετὰ
1480 1949 1527 1983 τὴν
1544 1949 1704 1976 ἀνάστασιν·
1721 1951 1765 1982 γέ-

981 2002 1100 2029 γραπται
1113 1994 1166 2028 γάρ
1179 2003 1184 2008 ·
1205 1995 1290 2021 Οὔπω
1306 1994 1345 2027 ἦν
1352 1994 1471 2028 Πνεῦμα
1485 1995 1579 2028 ἅγιον,
1589 1995 1630 2021 ὅτι
1648 1996 1764 2029 Ἰησοῦς

980 2040 1060 2065 Οὔπω
1075 2039 1232 2072 ἐδοξάσθη,
1242 2037 1416 2066 Διδάσκὲσθαι
1431 2040 1457 2065 δὲ
1471 2040 1522 2075 χρὴ
1533 2061 1538 2071 ,
1555 2041 1600 2066 καὶ
1608 2041 1637 2067 οὐ
1653 2042 1763 2073 κολάζε-

980 2085 1040 2111 σθαι
1054 2085 1116 2116 τοὺς
1132 2085 1303 2118 ἀγνοοῦντας,
1319 2085 1411 2120 ὥσπερ
1424 2087 1469 2111 καὶ
1479 2086 1593 2120 τυφλοὺς
1603 2087 1760 2122 οδηγοῡμεν,

979 2133 1008 2157 ού
1017 2132 1172 2166 κολάζομεν,
1183 2132 1298 2164 [ι’(ζρῥην
1307 2131 1334 2157 δέ
1343 2141 1411 2162 τινες
1422 2132 1469 2166 μὲν
1477 2132 1521 2157 τὸν
1530 2133 1662 2167 κρόταφόν
1671 2141 1759 2166 φασιν·

145 2180 221 2206 alteri
236 2179 312 2206 iidem
332 2180 474 2207 habiturus
491 2185 544 2206 tam
567 2181 675 2214 indigna
694 2180 726 2207 de
744 2185 769 2208 te
784 2182 925 2208 referenti:
945 2172 965 2198 D
980 2177 1086 2208 {ww-5¹2,
1098 2178 1146 2212 τὴν
1159 2177 1375 2210 γνὰΟΟν-Βέλτιον
1387 2178 1413 2203 δὲ
1421 2178 1465 2203 τὸν
1475 2178 1607 2213 κρόταφον
1616 2178 1759 2213 λε’γειν.Μὴ

146 2224 208 2258 quia
225 2225 350 2253 videlicet
364 2225 538 2260 Demophilus
555 2225 637 2252 Deum
655 2226 762 2260 quidem
782 2227 928 2253 arbitrare-

146 2277 189 2297 tur
205 2278 266 2305 erga
282 2280 332 2298 nos
355 2280 415 2299 esse
432 2273 631 2303 inclementem,
649 2280 678 2299 se
690 2276 779 2299 autem
797 2273 863 2299 nillil
882 2274 930 2299 lta-

146 2317 208 2344 bere
223 2326 290 2352 opus
313 2318 358 2344 Dei
381 2319 576 2351 miseratione;
598 2318 630 2344 ad
652 2319 723 2350 lime,
750 2319 823 2345 illius
847 2320 927 2346 etiam

146 2364 300 2389 sacerdotes
316 2364 408 2397 dejicit.
432 2365 528 2399 gradu.
556 2364 690 2391 Caeterum
720 2364 849 2391 Dominus
871 2365 928 2399 ipse

146 2408 282 2438 Clu-istus,
300 2408 381 2442 idque
395 2417 456 2436 eum
476 2415 547 2436 esset
563 2418 576 2435 a
593 2410 782 2443 peccatoribus
799 2417 927 2444 segrega«

146 2458 188 2478 tus
204 2454 348 2486 (peccatum
365 2455 432 2480 enim
449 2455 549 2480 nullum
573 2454 697 2486 admisit,
715 2463 794 2489 neque
810 2456 926 2481 inventus

145 2497 220 2524 dolus
242 2499 267 2524 ιἰι
284 2508 326 2525 ore
341 2502 397 2533 ejus
410 2502 457 2535 ¹'),
475 2506 614 2527 strenuam
638 2508 669 2527 :tc
696 2501 852 2535 perri-giloni
877 2509 925 2535 pa-

145 2546 306 2570 scendarum
317 2547 407 2572 orium
424 2555 533 2573 suarum
547 2547 808 2574 administrationem
822 2547 926 2574 illustre

144 2598 204 2616 csse
217 2597 415 2624 argumentum,
433 2598 512 2627 atque
526 2594 637 2620 evidens
649 2594 723 2620 ducit
745 2600 845 2620 nostrae
863 2600 925 2627 erga

145 2643 173 2661 se
185 2635 346 2662 dilectionis.
363 2637 414 2663 Sed
432 2642 458 2663 et
471 2647 543 2671 (nini,
562 2639 606 2673 qui
620 2647 653 2666 ne
670 2639 805 2664 tantillum
816 2638 923 2672 quidem

144 2681 280 2707 dimittere
296 2682 380 2707 voluit
402 2691 543 2715 conservo,
566 2685 610 2710 cui
636 2688 689 2710 tam
713 2685 796 2710 multa
821 2683 923 2717 alioqui

144 2727 255 2753 dimissa
275 2726 389 2758 fuerant,
407 2736 521 2762 nequam
544 2738 574 2756 ac
595 2730 722 2756 malitiosi
740 2730 847 2756 nomine
866 2732 924 2754 tra-

196 2819 206 2832 ⁰
223 2815 228 2840 l
244 2814 310 2841 Τίιιι,
333 2824 371 2846 ιιι,
391 2816 416 2843 ὗ.
457 2821 468 2839 r
490 2815 552 2843 laum
572 2824 624 2846 xxi,
644 2817 683 2842 lt).

725 2822 734 2839 ἰ
752 2817 816 2849 (lap.
837 2823 865 2847 ιι,
884 2823 906 2840 ι’.
928 2814 966 2840 ΙΞ.

977 2224 1075 2255 τοίνυν,
1092 2223 1241 2258 παρακαλῶ
1257 2224 1338 2258 ὑμᾶς,
1351 2223 1509 2258 βλάπτωμεν
1520 2232 1526 2238 ·
1536 2223 1613 2249 τοῦτο
1626 2223 1679 2258 γὰρ
1692 2233 1760 2259 παρ-

979 2270 1110 2304 οιμιωδῶς
1125 2270 1207 2303 λέγει,
1225 2269 1309 2295 ὠθεῖν
1323 2270 1384 2296 καθ’
1406 2269 1518 2296 ἑαυτῶν
1536 2272 1568 2297 τὸ
1578 2270 1673 2303 ξίφος.
1684 2271 1760 2297 Μετὰ

979 2316 1063 2342 ταῦτά
1078 2324 1170 2350 φησιν,
1186 2313 1227 2341 οἶα
1243 2316 1418 2342 ἐπακολουθεῖ
1433 2317 1488 2346 τοῖς
1502 2316 1601 2341 ἀδικεῖν
1616 2315 1631 2350 ἣ
1649 2317 1756 2351 εὐεργε-

979 2364 1034 2387 τεῖν
1052 2371 1126 2392 τινας
1144 2362 1330 2396 βουλομένοις,
1347 2361 1396 2387 κᾶν
1415 2361 1451 2396 μὴ
1469 2361 1536 2396 πρὸς
1551 2361 1627 2395 ἔργον
1642 2362 1758 2395 ἤνεγκαν

979 2408 995 2434 ἃ.
1013 2408 1220 2434 ἐθῖουλεύσαντο·
1246 2408 1365 2438 ἐκείνους
1386 2406 1456 2441 γὰρ,
1481 2406 1577 2440 δηλαδὴ
1601 2406 1647 2438 οὓς
1667 2408 1758 2442 προεί-

978 2453 1053 2479 λοντο
1076 2453 1202 2487 ἀδικῆσαι
1227 2453 1243 2487 ἢ
1265 2453 1455 2487 εὐεργετῆσαι,
1478 2452 1507 2477 ού
1530 2452 1650 2483 πάντως,
1675 2454 1757 2488 φησὶ,

977 2499 1103 2533 διέθηκαν
1119 2498 1208 2529 καθὼς
1232 2497 1434 2532 ηὸουλήθησαν·
1453 2497 1581 2532 πρόδηλον
1605 2499 1649 2530 δὲ,
1669 2500 1709 2525 ὅτι
1728 2500 1758 2526 τὸ

980 2546 1027 2579 μὲν
1045 2545 1119 2580 παρὰ
1135 2545 1164 2570 τὸ
1180 2544 1325 2578 ἀὸούλητον
1339 2543 1391 2569 τῶν
1412 2544 1642 2578 εὐεργετουμένων
1655 2545 1691 2579 (4)
1705 2567 1710 2577 ,
1727 2547 1758 2572 τὸ

977 2591 1003 2616 δὲ
1020 2591 1093 2626 παρὰ
1109 2591 1139 2616 τὸ
1153 2590 1266 2625 ἀδρανὲς
1282 2590 1335 2615 τῶν
1354 2589 1525 2616 ἀδικούντιιιν.
1546 2591 1711 2625 Προθέμενος
1730 2592 1757 2618 δὲ

977 2638 1039 2672 περὶ
1052 2637 1106 2663 τῶν
1121 2637 1166 2662 δύο
1181 2637 1276 2666 εἰπεῖν,
1290 2635 1344 2661 τῶν
1358 2643 1386 2660 τε
1403 2635 1504 2661 ἀδικεῖν
1520 2637 1565 2662 καὶ
1581 2636 1633 2662 τῶν
1649 2637 1756 2671 εὐεργε-

975 2683 1030 2708 τεῖν
1043 2681 1226 2717 προθεμένων,
1244 2680 1307 2715 περ).
1322 2679 1374 2705 τῶν
1390 2679 1549 2706 ἀδικούντων
1566 2681 1643 2714 μόνον
1663 2681 1755 2714 ἐπιφέ-

978 2736 1016 2761 ρει
1033 2726 1177 2758 τὸνλόγον,
1193 2726 1232 2751 ὅτι
1244 2726 1267 2750 οἱ
1288 2725 1335 2759 μὲν
1354 2724 1522 2759 ἀδικούμενοι
1547 2725 1594 2758 τὴν
1620 2724 1754 2758 βασιλείαν

1010 2819 1019 2832 ¹
1034 2815 1039 2840 l
1054 2814 1108 2840 l'‹·t.
1128 2822 1155 2844 ιι,
1174 2813 1216 2838 22¹.
