1860 2961
150 57 197 83 651

743 60 769 87 S.
790 61 937 90 DlONYSll
955 63 1183 93 AREOPAGtTAE

1709 75 1762 103 652

147 113 279 139 Gaeternm
306 113 391 139 media
419 118 496 140 nocte
518 115 586 149 (ipse
610 121 726 151 namque
752 125 929 146 consueverat
944 123 965 150 Α
981 121 1040 147 οὐδὲ
1065 122 1118 149 τῶν
1147 123 1236 149 ὕπνων
1254 124 1341 150 αὐτῶν
1365 125 1467 152 πολλῶν
1483 135 1512 161 γε
1534 128 1627 161 ὄντων,
1650 131 1696 157 καὶ
1717 132 1760 158 ἀεὶ

147 158 199 185 hoc
215 163 334 193 tempore
354 159 387 185 ad
411 159 517 187 divinas
547 161 640 188 laudes
667 164 736 198 apud
756 172 784 191 se
805 165 926 201 vigilare)

146 205 276 235 surrexit,
294 213 354 231 cum
380 213 466 239 neque
492 214 602 235 somnos
618 208 702 242 ipsos,
719 218 780 236 nam
800 212 925 244 etmulti,

145 254 172 278 et
187 252 283 277 crebro
310 251 452 286 interrupti
478 252 594 285 fuerant,
609 255 710 289 absque
724 257 925 290 perturbatione

145 298 275 331 cepisset,
305 297 389 323 nihilo
406 299 496 326 secius
516 299 549 326 ad
575 300 693 327 divinam
718 303 924 330 collocutionem

145 348 231 374 stans,
252 343 361 378 indigne
378 345 548 377 tristabatur,
566 350 592 373 et
611 347 723 374 moleste
740 348 852 380 serebat,
870 358 924 377 non

144 397 204 416 esse
217 390 321 424 justum
344 398 480 423 asserens,
494 392 516 419 si
536 392 586 418 viri
601 393 685 427 impii,
700 394 800 428 quique
816 403 924 428 perver-

144 439 231 462 terent
246 436 303 462 vias
328 435 432 463 Domini
450 441 550 470 rectas,
576 438 708 467 xivereut.
739 439 770 465 Et
787 447 848 466 cum
868 441 923 468 haec

144 482 255 512 (liceret,
276 482 358 509 Deum
376 483 545 517 obsecrabat,
558 489 586 511 ut
599 485 710 512 fulmine
725 486 815 520 aliquo
831 488 924 514 ambo-

142 536 202 554 rum
213 528 284 555 vitas
299 529 357 555 sine
372 529 424 555 ulla
441 530 628 557 misericordia
645 538 758 565 prorsus
779 532 923 567 abrumpe-

142 578 192 601 ret.
206 573 271 606 Quce
294 582 356 601 cum
372 575 497 607 dixisset,
522 576 664 603 confestim
685 576 737 602 sibi
752 577 839 603 visunt
862 586 922 606 esse

142 619 233 646 videre
265 620 409 653 referebat,
435 621 556 652 domum,
577 621 675 656 inqua
708 628 777 657 erat,
805 625 921 658 primuni

140 666 247 699 quidem
267 673 281 691 a
297 670 402 697 sumum
423 667 540 694 culmine
554 672 714 701 permotam,
730 669 836 696 induas
852 678 917 704 par-

139 716 179 738 tes
194 713 310 739 mediam
336 712 429 744 dividi,
449 720 479 739 ac
502 721 596 748 rogum
614 719 675 742 ante
689 723 717 742 se
735 716 824 751 magni
837 717 918 742 lumi-

138 758 191 789 nis,
206 762 232 784 et
249 758 322 785 hunc
347 759 434 793 (locus
450 759 520 786 enim
532 760 658 795 deinceps
682 762 732 788 sub
748 762 791 788 dio
809 770 869 789 esse
882 762 921 788 ri-

137 802 368 837 debatur)ecoelo
384 804 416 829 ad
438 812 466 831 se
489 808 574 839 usqtie
600 806 710 838 deferri,
732 808 830 834 eoelum
856 816 920 835 vero

137 847 225 880 ipsum
245 851 378 881 apertum,
404 853 430 875 et
458 857 540 883 super
566 850 647 877 dorso
668 852 729 878 coeli
754 851 858 884 Jesum,
875 854 919 880 cni

137 893 344 922 innumerabilis
357 896 515 929 angelorum
539 897 683 924 multitudo
708 897 852 924 humanam
864 899 920 926 essi-

135 939 206 974 giem
220 947 275 974 prae
293 948 322 967 se
346 941 489 968 serentium
519 943 664 970 assistebat
679 954 684 969 :
700 948 725 970 et
739 945 795 971 haec
810 945 918 979 quidem

135 993 254 1020 superne
266 987 377 1020 vidisse,
396 989 615 1023 admiratumque
630 997 689 1016 esse
704 990 807 1024 Carpus
818 991 916 1018 aiebat.

134 1032 202 1058 Cum
214 1032 316 1059 veroin
332 1036 432 1059 terram
447 1034 541 1061 oculos
552 1034 713 1068 deflexisset,
727 1037 813 1063 solum
829 1037 917 1071 ipsum

134 1077 220 1104 instar
236 1079 361 1105 immensi
384 1086 415 1105 ac
443 1078 569 1113 profundi
599 1080 740 1114 cujusdam
758 1082 848 1109 hiatus
858 1082 916 1109 dis-

133 1123 234 1149 cissum
259 1131 287 1150 se
314 1124 415 1151 vidisse
433 1124 509 1156 dixit,
527 1129 554 1152 et
578 1125 701 1153 homines
719 1128 827 1161 quidem
844 1128 915 1160 illos,

132 1169 231 1202 quibus
258 1170 327 1196 male
356 1170 520 1204 imprecatus
547 1171 646 1203 suerat,
665 1176 727 1199 ante
745 1181 773 1200 se
795 1173 871 1207 juxta
886 1182 916 1201 os

132 1216 223 1243 hiatus
249 1217 321 1244 illius
339 1218 491 1244 consistere
515 1221 661 1245 trementes
679 1227 710 1246 ac
733 1219 914 1252 miserabiles,

132 1266 161 1288 ut
176 1270 271 1297 parum
288 1263 404 1295 abesset,
429 1264 495 1298 quin
511 1272 565 1298 prae
581 1264 678 1299 pedum
693 1272 802 1291 suorum
820 1265 914 1292 ineon-

131 1308 232 1334 stantia
257 1307 370 1342 jamjam
398 1308 543 1342 dejiciendi
559 1309 724 1336 viderentur.
750 1309 848 1336 Verum
864 1311 915 1337 sub

132 1354 206 1380 hiatu
226 1358 366 1388 serpentes
383 1362 491 1380 sursum
516 1362 619 1388 repere,
636 1359 662 1382 ct
678 1355 749 1381 circa
762 1355 844 1390 pedes
855 1356 915 1383 illo-

131 1407 190 1425 rum
217 1407 277 1426 sese
304 1404 444 1426 moventes
472 1400 607 1427 interdum
638 1401 746 1435 quidem
763 1402 790 1428 in
812 1403 913 1437 spiram

936 791 956 817 B

129 1448 295 1475 tontraetos.
324 1445 405 1472 simul
423 1445 566 1480 ingravare
582 1450 662 1481 atque
680 1447 853 1482 pertrahere;
870 1449 913 1475 in—
927 1458 948 1485 C

128 1493 139 1516 t.
171 1489 234 1516 dum
251 1498 315 1517 vero
336 1490 463 1518 dentibus
488 1492 529 1518 vel
562 1492 659 1520 caudis
694 1493 871 1521 incendentes
886 1499 912 1521 et

127 1537 325 1570 demulcentes,
343 1542 371 1564 ut
387 1538 431 1572 qui
450 1539 477 1564 in
496 1539 650 1573 voraginem
667 1539 729 1566 illos
743 1540 912 1573 praecipitare

128 1583 239 1610 omnino
259 1583 429 1610 molirentur.
456 1583 552 1610 Fuisse
568 1585 649 1610 etiam
673 1585 746 1611 viros
767 1585 909 1619 quosdam,

127 1629 173 1663 qui
200 1629 227 1655 in
256 1629 344 1656 medio
362 1637 409 1663 pro
435 1630 608 1663 serpentibus
622 1634 716 1656 contra
735 1630 808 1658 viros
830 1631 910 1658 simul

126 1675 276 1705 irruerent,
294 1675 496 1709 perturbarent,
519 1674 648 1708 impetum
679 1675 759 1702 simul
791 1675 910 1703 facerent

126 1728 157 1747 ae
184 1720 306 1747 ferirent.
331 1720 416 1747 Porro
434 1721 471 1747 ilii
490 1721 603 1755 jamJam
628 1721 717 1747 casuri
738 1721 908 1752 videbantur,

125 1767 224 1801 partim
238 1766 346 1801 quidem
363 1767 556 1800 inviti,partini
573 1774 637 1793 vero
654 1767 809 1800 voluntarii,
822 1775 882 1794 curn
893 1775 908 1793 a

125 1813 196 1839 malo
221 1813 322 1839 sensim
346 1816 509 1847 cogerentur
543 1812 677 1846 simulque
705 1812 906 1840 inducerentur.

124 1858 174 1885 Hic
196 1858 301 1893 Carpus
315 1858 380 1885 dnm
409 1858 537 1885 inferiora
555 1859 699 1893 aspiceret,
718 1859 863 1893 plurimum
879 1867 909 1886 se

127 1903 261 1934 laetatum,
275 1911 306 1929 ac
322 1903 463 1938 superiora
489 1903 640 1938 neglexisse
660 1903 776 1934 dicebat,
796 1904 908 1931 moleste

124 1957 188 1976 vero
201 1950 374 1984 graviterque
386 1950 493 1981 tulisse,
509 1950 582 1984 quod
604 1950 719 1977 necdum
732 1950 906 1981 cecidissent,

125 2002 251 2029 swpeque
272 2003 333 2021 cum
350 1996 376 2021 in
391 1995 443 2021 hoc
468 1995 606 2030 negotium
632 1995 812 2027 incumberet,
840 1996 906 2022 nihil

122 2040 282 2075 profecisse,
304 2049 335 2068 ac
349 2046 492 2076 propterea
512 2041 698 2076 indignatione
711 2041 836 2068 affectum
852 2042 905 2069 illis

124 2087 300 2119 imprecatum
315 2095 386 2114 esse.
404 2086 526 2124 Cumque
538 2087 582 2113 vix
594 2087 701 2113 taudem
719 2095 827 2114 sursum
840 2095 905 2113 ocn-

122 2131 162 2157 ios
196 2132 340 2164 elevasset,
374 2132 474 2159 vidisse
501 2139 597 2158 rursus
624 2132 731 2159 dicebat
748 2133 846 2159 coelum
876 2137 905 2159 ut

122 2178 198 2210 prius
213 2178 328 2209 viderat,
357 2177 505 2212 Jesnmque
535 2179 634 2205 sactum
653 2178 719 2204 illud
743 2178 903 2205 miseratum

121 2223 154 2249 de
170 2223 278 2250 excelsa
309 2224 386 2258 381
410 2224 454 2250 illa
481 2223 543 2251 sede
569 2224 733 2255 surrexisse,
759 2231 791 2251 ae
811 2224 844 2250 ad
856 2231 902 2250 eos

121 2276 209 2302 usque
228 2269 372 2303 benignam
389 2270 442 2296 illis
465 2277 573 2296 manum
592 2270 773 2304 porrigentem
788 2270 902 2296 descen-

120 2313 205 2341 disse.
221 2314 337 2349 Angelos
355 2315 418 2341 item
434 2323 495 2341 cum
514 2315 573 2349 ipso
584 2315 674 2346 simul,
691 2315 772 2341 alium
794 2315 902 2342 aliunde

120 2363 304 2390 assumentes,
328 2368 377 2394 pro
401 2360 468 2386 viris
500 2360 553 2387 illis
583 2360 726 2393 restitisse,
755 2360 902 2396 Jcsumque

120 2404 207 2437 Carpo
223 2411 304 2433 manu
324 2405 413 2431 adhue
424 2408 533 2431 extenta
551 2404 651 2432 dixisse
668 2414 673 2430 :
692 2414 699 2429 ι
716 2404 847 2439 Deinceps
859 2413 902 2432 me

121 2448 257 2475 hostiliter
274 2454 394 2484 percute,
417 2454 529 2484 paratus
544 2450 617 2477 enim
645 2458 704 2477 sum
721 2458 769 2485 pro
785 2451 902 2477 homini-

123 2496 172 2521 bus
186 2495 282 2522 iterum
299 2496 441 2523 servandis
459 2501 574 2523 mortem
601 2500 738 2531 oppetere.
757 2496 813 2523 lloc
836 2497 900 2524 mihi

924 2123 943 2149 D

978 166 1192 202 ὲγκοπτομένων,
1219 169 1270 202 ἔξω
1285 171 1407 205 ταραχῆς
1426 173 1652 206 παραπολαύσας·
1674 177 1760 209 ἑστὼς

977 212 1004 237 δὲ
1021 213 1094 247 ὅμως
1107 215 1147 245 εἰς
1157 215 1204 249 τὴν
1219 215 1293 242 θείαν
1306 216 1411 251 ὁμιλίαν
1428 218 1476 244 οὐκ
1487 219 1590 253 εὐαγῶς
1606 221 1698 254 ἠνιᾶτο
1712 223 1759 248 καὶ

977 258 1170 293 ἐδυσχέραινεν,
1188 260 1237 285 οὐκ
1259 258 1324 285 εἶναι
1346 260 1447 287 δίκαιον
1470 261 1564 295 λέγων,
1588 264 1612 289 εἰ
1631 264 1698 299 ζῷεν
1712 266 1758 292 ἅν-

976 303 1037 338 δρες
1064 304 1137 330 ἄθεοι
1154 305 1200 331 καὶ
1217 305 1420 340 διαστρέφοντες
1438 307 1486 338 τὰς
1499 307 1572 339 ὁδοὺς
1587 309 1633 335 τοῦ
1656 310 1756 345 Κυρίου

975 349 1024 379 τὰς
1042 349 1157 380 εὐθείας.
1176 350 1229 375 Καὶ
1246 350 1329 376 ταῦτα
1352 351 1435 385 λέγων
1448 353 1529 378 ἐδεῖτο
1543 354 1589 379 τοῦ
1606 354 1670 381 Θεοῦ
1685 365 1755 391 πρη-

976 394 1053 428 στῆρί
1069 403 1119 420 τινι
1137 395 1185 426 τὰς
1198 396 1357 431 ἀμφοτέρων
1374 397 1487 430 εἰσάπαξ
1504 399 1624 433 ἀνηλεῶς
1637 401 1756 428 ἀποπαῦ-

976 448 1018 465 σαι
1039 439 1118 471 ζωὰς.
1148 441 1237 467 Ταῦτα
1254 442 1281 467 δὲ
1300 442 1392 474 εἰπὼν,
1411 443 1484 477 ἔλεγε
1500 444 1572 476 δόξαι
1597 445 1658 471 ἰδεῖν
1680 446 1755 480 ἄφνω

974 484 1018 510 τὸν
1035 483 1117 517 οἶκον,
1128 487 1155 511 ἐν
1170 483 1244 520 ᾧπερ
1259 487 1387 522 εἱστήκει,
1412 489 1607 523 διαδονηθέντα.
1625 491 1754 525 πρότερον

974 531 1004 556 ἐκ
1023 532 1070 567 τῆς
1086 533 1186 567 ὀροφῆς
1211 534 1250 563 εἰς
1266 532 1312 558 δύο
1336 533 1415 567 μέσον
1443 534 1620 569 διαιρεθέντα,
1636 536 1754 562 καίτινα

973 576 1061 611 πυρὰν
1091 578 1246 612 πολύφωτον
1273 578 1435 613 ἐπίπροσθεν
1460 581 1567 611 ἑαυτοῦ,
1592 581 1637 607 καὶ
1653 581 1754 616 ταύτην

973 621 1068 655 (ἐδόκει
1089 622 1142 658 γὰρ
1159 623 1251 649 λοιπὸν
1267 623 1396 659 ὕπαιθρος
1414 626 1426 651 ὁ
1443 626 1541 660 τόπος)
1565 627 1595 652 ἐκ
1611 627 1656 652 τοῦ
1672 628 1752 662 οὐρα-

973 667 1026 692 νίου
1042 667 1129 703 χώρου
1147 669 1241 704 μέχρις
1258 669 1337 695 αὑτοῦ
1358 672 1594 707 καταφερομένην·
1606 673 1650 699 τὸν
1666 673 1694 699 δὲ
1708 674 1754 699 οὐ·

973 713 1051 746 ρανὸν
1074 714 1153 739 αὐτὸν
1183 715 1415 750 ἀναπεπταμένον,
1439 717 1484 743 καὶ
1501 718 1546 742 ἐπὶ
1570 717 1608 752 τῷ
1619 718 1695 754 νώτῳ
1706 719 1752 745 τοῦ

971 758 1084 793 οὐρανοῦ
1106 759 1150 785 τὸν
1172 760 1282 794 Ἰησοῦν,
1301 761 1420 796 ἀπείρων
1444 762 1647 797 ἁνθρωποειδῶν
1679 765 1752 800 αὐτῷ

972 805 1179 839 παρεστηκότων
1197 806 1317 839 ἀγγέλων
1327 815 1333 820 ·
1350 807 1395 832 καὶ
1411 806 1496 833 ταῦτα
1512 809 1560 842 μὲν
1575 809 1674 835 ἄνωθεν
1688 810 1752 844 ὁρᾶ-

971 850 1031 876 σθαι
1043 851 1088 876 καὶ
1106 851 1262 886 θαυμάζειν.
1282 853 1362 878 Κάτω
1381 853 1408 879 δὲ
1425 853 1511 887 κύψας
1525 855 1538 880 ὁ
1551 855 1670 889 Κάρπος,
1689 856 1751 882 ἰδεῖν

970 895 1019 930 ἔφη
1038 895 1083 921 καὶ
1105 896 1234 930 τοῦδαφος
1251 897 1315 923 αὐτὸ
1332 898 1398 932 πρὸς
1425 899 1524 933 ἀχανές
1543 909 1568 925 τι
1589 900 1680 935 χάσμα
1705 902 1751 928 καὶ

970 941 1103 967 σκοτεινὸν
1129 942 1336 977 διερρηγμένον·
1353 944 1472 975 καὶτοὺς
1486 945 1534 979 μὲν
1559 945 1656 980 ἄνδρας
1681 945 1751 972 ὲκεί-

968 995 1038 1018 νους,
1052 984 1091 1018 οἷς
1104 987 1236 1021 ἐπηρᾶτο,
1255 988 1306 1022 πρὸ
1324 989 1404 1014 αὐτοῦ
1422 989 1490 1015 κατὰ
1506 990 1536 1015 τὸ
1551 990 1658 1025 στόμιον
1672 990 1751 1026 ἑστη-

968 1032 1043 1057 κέναι
1063 1032 1109 1058 τοῦ
1134 1033 1281 1067 χάσματος,
1320 1034 1496 1068 ὐποτρόμους,
1522 1035 1662 1068 ἐλεεινοὺς,
1688 1037 1750 1062 ὅσον

967 1077 1041 1103 οὔπω
1063 1079 1298 1113 καταφερομένους
1323 1079 1375 1104 ὑπὸ
1398 1080 1445 1114 τῆς
1465 1079 1518 1105 τῶν
1540 1081 1645 1107 οἰκείων
1662 1081 1748 1107 ποδῶν

967 1122 1110 1154 ἀστασίας·
1126 1124 1244 1150 κάτωθεν
1261 1124 1287 1150 δὲ
1304 1125 1356 1150 ἀπὸ
1368 1125 1413 1150 τοῦ
1427 1125 1565 1160 χάσματος
1578 1126 1652 1160 ὄφεις
1670 1127 1749 1162 ἀνέρ-

967 1177 1036 1201 πειν,
1061 1171 1106 1195 καὶ
1128 1171 1190 1204 περὶ
1207 1171 1269 1200 τοὺς
1291 1170 1372 1201 πόδας
1396 1171 1484 1196 αὐτῶν
1510 1172 1747 1206 ὑποκινουμένους,

966 1214 1030 1239 ποτὲ
1050 1215 1098 1249 μὲν
1110 1215 1255 1250 ἀποσύρειν
1267 1216 1504 1251 ἑπανειλουμέιους
1520 1218 1576 1252 ἅμα
1591 1220 1636 1245 καὶ
1654 1220 1750 1246 ἐπιδα-

967 1260 1088 1295 ροῦντας,
1105 1261 1150 1286 καὶ
1161 1260 1286 1292 ἐ’λκοντας
1296 1270 1302 1276 ·
1315 1263 1378 1288 ποτὲ
1390 1263 1417 1288 δὲ
1430 1265 1485 1294 τοῖς
1495 1263 1592 1297 ὀδοῦσι,
1610 1265 1626 1299 ἢ
1642 1267 1696 1296 τοῖς
1708 1267 1749 1292 οὺ-

968 1306 1051 1341 ραίοις
1081 1306 1275 1341 ὑποτύφοντας,
1293 1307 1309 1342 ἢ
1331 1308 1604 1343 ὑπογαργαλίζοντας,
1631 1311 1676 1336 καὶ
1704 1311 1747 1337 διὰ

969 1352 1070 1383 παντὸς
1081 1353 1119 1383 εἰς
1129 1352 1161 1378 τὸ
1177 1353 1275 1387 ἀχανὲς
1294 1354 1436 1389 ἐμὸἀλλειν
1461 1356 1679 1391 μηχανωμένους.
1702 1356 1747 1384 Εἵ-

964 1405 1007 1423 ναι
1024 1397 1052 1423 δὲ
1070 1398 1115 1424 καὶ
1131 1399 1229 1434 ἄνδρας
1244 1399 1318 1430 τινὰς
1334 1401 1361 1425 ἐν
1388 1401 1471 1435 μέσῳ,
1492 1403 1547 1432 τοῖς
1571 1402 1647 1436 ’όφεσι
1676 1403 1746 1429 κατὰ

964 1443 1018 1468 τῶν
1034 1443 1137 1478 ἀνδρῶν
1155 1444 1415 1479 συνεπιτιθεμένους,
1428 1445 1612 1478 διαδονοῦντας
1629 1447 1686 1481 ἅμα
1699 1448 1746 1473 καὶ

965 1488 1148 1520 ὑπωθοῦντας,
1175 1490 1220 1516 καὶ
1249 1491 1462 1521 καταπαίοντας·
1490 1491 1595 1517 ἐδόκουν
1622 1492 1650 1518 δὲ
1676 1491 1745 1519 εἶναι

968 1534 1036 1569 πρὸς
1064 1534 1093 1560 τὸ
1117 1535 1208 1560 πεσεῖν
1240 1534 1337 1560 ἐκεῖνοι
1363 1535 1397 1560 τά
1429 1536 1477 1570 μὲν
1505 1537 1631 1568 ἄκοντες,
1657 1538 1691 1563 τὰ
1716 1538 1744 1563 δὲ

963 1579 1008 1604 καὶ
1038 1579 1144 1610 ἑκόντες
1156 1600 1163 1611 ,
1197 1580 1248 1605 ὑπὸ
1283 1581 1329 1606 τοῦ
1361 1581 1444 1607 κακοῦ
1476 1582 1533 1616 ἅμα
1567 1584 1625 1608 κατ’
1656 1583 1743 1617 ὀλίγον

968 1625 1118 1659 βιαζόμενοι
1147 1626 1193 1651 καὶ
1226 1625 1389 1660 πειθόμενοι.
1415 1627 1510 1661 Ἔλεγε
1537 1627 1564 1653 δὲ
1594 1629 1607 1654 ὁ
1630 1629 1742 1663 Κάρπος

961 1670 1055 1696 ἑαυτὸν
1067 1670 1175 1705 ἥδεσθαι
1198 1671 1271 1697 κάτω
1288 1671 1427 1705 βλέποντα,
1445 1672 1497 1698 τῶν
1517 1672 1572 1699 ἅνω
1584 1673 1611 1698 δὲ
1622 1673 1741 1708 ἀμελεῖν,

960 1723 1142 1758 δυσχεραίνειν
1159 1723 1186 1749 δὲ
1204 1724 1249 1749 καὶ
1273 1724 1421 1759 ὀλιγωρεῖν,
1439 1725 1478 1750 ’ότι
1505 1726 1541 1761 μὴ
1568 1726 1742 1754 πεπτώκασιν

961 1770 1024 1804 ἤδη·
1043 1770 1088 1795 καὶ
1101 1769 1140 1804 τῷ
1156 1770 1296 1805 πράγματι
1311 1771 1438 1802 πολλάκις
1457 1771 1607 1807 ἐνθέμενον,
1625 1773 1740 1799 καὶάδυ-Δ

960 1815 1122 1850 νατήσαντα,
1139 1817 1186 1843 καὶ
1209 1816 1382 1851 ἀχθεσθῆναι,
1406 1817 1451 1843 καὶ
1477 1818 1678 1852 ἐπαράσασθαι’
1695 1819 1740 1845 καὶ

959 1860 1143 1888 ἀνανεύσαντα
1168 1861 1251 1896 μόλις,
1281 1862 1342 1888 ἰδεῖν
1372 1863 1419 1896 μὲν
1449 1861 1525 1894 αὖθις
1547 1863 1591 1889 τὸν
1617 1864 1738 1900 οὐρανὸν,

960 1905 1052 1941 ὥσπερ
1064 1907 1094 1932 τὸ
1114 1908 1243 1942 πρότερον
1266 1907 1391 1941 ἑωράκει,
1408 1907 1451 1933 τὸν
1477 1908 1504 1934 δὲ
1527 1908 1639 1943 Ἰησοῦν,
1662 1910 1738 1945 ἐλεή-

960 1958 1042 1975 σαντα
1064 1951 1094 1976 τὸ
1114 1952 1262 1986 γινόμενον,
1277 1951 1451 1986 ἐξαναστῆναι
1475 1952 1521 1978 τοῦ
1547 1954 1738 1989 ὑπερουρανίου

959 1996 1063 2030 θρόνου,
1086 1996 1132 2023 καὶ
1153 1996 1204 2027 ἕως
1232 1997 1320 2023 αὐτῶν
1344 1997 1508 2028 καταδάντα,
1534 2000 1609 2033 χεῖρα
1635 2000 1738 2035 ἀγαθὴν

958 2041 1062 2076 ὀρέγειν
1073 2063 1080 2073 ,
1099 2042 1143 2068 καὶ
1157 2043 1219 2073 τοὺς
1234 2042 1364 2076 ἀγγέλους
1381 2043 1454 2077 αὐτῷ
1473 2044 1740 2080 συνεπιλαμῧανομέ-

958 2095 1028 2119 νους,
1048 2087 1123 2113 ἄλλον
1140 2088 1248 2114 ἄλλοθεν
1271 2087 1427 2122 ἀντέχεσθαι
1442 2090 1497 2114 τοῖν
1510 2089 1624 2124 ἀνδροῖν,
1638 2090 1682 2116 καὶ
1700 2091 1735 2116 εἰ-

959 2134 1020 2158 πεῖν
1042 2132 1080 2167 τῷ
1092 2133 1196 2168 Κάρπῳ
1209 2134 1252 2159 τὸν
1274 2133 1385 2167 Ἰησοῦν,
1401 2133 1450 2167 τῆς
1463 2133 1551 2169 χειρὸς
1565 2135 1613 2169 ἤδη
1639 2144 1735 2171 προτε-

957 2178 1091 2213 ταμένης·
1116 2189 1124 2203 ι
1139 2179 1205 2204 Παῖε
1220 2179 1277 2205 κατ’
1293 2179 1359 2213 ἐμοῦ
1378 2179 1483 2205 λοιπόν·
1498 2179 1604 2214 ’ἐτοιμος
1615 2180 1667 2214 γάρ
1680 2181 1735 2211 εἰμι

957 2223 1003 2249 καὶ
1017 2221 1169 2259 αῦθιςύπὲρ
1186 2224 1334 2258 ἀνθρώπιον
1350 2224 1560 2259 ἀνασωζομένων
1572 2224 1675 2255 παθεῖν,
1690 2226 1734 2251 καὶ

958 2269 1103 2303 προσφιλές
1122 2278 1164 2304 μοι
1188 2270 1275 2300 τοῦτο,
1301 2271 1336 2305 μὴ
1361 2270 1445 2296 ἄλλων
1467 2270 1672 2305 ἁμαρτανόντων
1687 2271 1733 2296 ἀν-

958 2313 1083 2347 θρώπων.
1106 2314 1177 2350 Πλὴν
1185 2315 1244 2349 ὅρα,
1255 2316 1277 2340 εἰ
1295 2315 1383 2345 καλῶς
1399 2314 1454 2349 ἔχει
1474 2323 1513 2340 σοι
1533 2315 1581 2349 τὴν
1598 2315 1673 2348 ἐντῷ
1686 2316 1733 2350 χὰ-

957 2367 1039 2393 σματι
1068 2360 1113 2386 καὶ
1139 2360 1205 2394 μετὰ
1232 2360 1285 2386 τῶν
1308 2360 1394 2394 ὄφεων
1417 2359 1496 2394 μονὴν
1521 2359 1732 2392 ἀνταλλάξασθαι

955 2404 1004 2438 τῆς
1032 2404 1098 2438 μετὰ
1120 2405 1185 2430 Θεοῦ
1203 2405 1248 2430 καὶ
1271 2404 1325 2430 τῶν
1352 2403 1459 2437 ἀγαθῶν
1477 2403 1521 2428 καὶ
1538 2403 1732 2439 φιλανθρώπων

955 2449 1085 2482 ἀγγέλων.
1101 2459 1109 2474 ι
1128 2449 1218 2475 Ταῦτά
1229 2450 1300 2475 ἐστιν
1308 2449 1324 2475 ἃ
1335 2448 1388 2482 ἐγὼ
1399 2447 1532 2482 ἀκηκοὼς,
1543 2449 1660 2474 πιστεύω
1671 2449 1732 2484 ἀλη-

954 2498 987 2533 θῆ
1008 2497 1085 2525 εἶναι.

121 2546 274 2575 pergratum
300 2542 391 2574 suerit,
407 2543 471 2569 dunt
491 2550 523 2569 ne
535 2543 624 2569 caeteri
640 2542 762 2569 homines
775 2547 896 2577 peccent,
915 2543 1018 2571 Intuere
1033 2549 1159 2578 praetcrca
1176 2553 1238 2571 num
1252 2544 1312 2571 usui
1335 2544 1381 2570 tihi
1405 2543 1522 2569 futurum
1553 2544 1597 2574 sit,
1623 2543 1673 2570 hoc
1702 2543 1728 2569 in

121 2586 171 2610 liae
190 2587 315 2620 voragine
332 2592 357 2613 et
374 2596 435 2614 cunt
453 2589 624 2623 serpentibus
651 2588 826 2619 domicilium,
844 2597 904 2616 cum
928 2590 972 2616 Dei
991 2600 1021 2617 ac
1035 2592 1177 2622 bonorum,
1205 2595 1231 2618 et
1261 2591 1369 2617 humani
1393 2591 1498 2625 generis
1529 2590 1725 2625 peramantium

121 2631 275 2665 angelorum
296 2634 433 2660 consortio
449 2639 612 2668 permutare.
627 2643 635 2659 i
654 2633 715 2660 llaec
727 2637 790 2661 sunt
805 2643 864 2669 quae
875 2643 922 2669 ego
935 2636 1036 2668 andivi,
1051 2645 1166 2671 veraque
1182 2645 1242 2664 esse
1253 2637 1343 2663 credo.

154 2713 269 2740 Omnino
290 2724 354 2743 sane
381 2718 404 2742 in
431 2718 587 2744 :nlmiranda
610 2719 654 2745 illa
672 2719 775 2747 visione
794 2719 895 2751 divina,

119 2759 275 2792 amplissimi
298 2763 444 2789 sacerdotis
462 2764 630 2790 elementiam
649 2765 722 2791 circa
744 2773 827 2799 genus
843 2765 893 2791 hu·

991 2720 1140 2755 Ἡγάσθητε
1159 2720 1189 2755 δὴ
1207 2719 1315 2750 πάντως
1331 2719 1376 2744 τοῦ
1397 2719 1515 2751 ἁξιοθέου
1533 2718 1678 2754 ἀρχιερέως
1698 2717 1727 2742 τὸ

949 2767 1010 2801 περὶ
1023 2767 1051 2792 τό
1067 2766 1198 2800 όμόςυλον
1216 2765 1353 2800 συμπαθὲς
1369 2765 1416 2799 οὐχ
1428 2763 1506 2800 ἧττον
1522 2765 1537 2799 ἣ
1554 2765 1601 2799 τὴν
1617 2763 1663 2790 ’.οὗ
1680 2763 1724 2789 ὀνο
