1860 2961
122 84 169 111 [32³¹
705 81 734 108 S.
755 79 904 108 tuomst!
931 77 1161 106 Atti-:01‘.xt;t't·.13
1708 70 1760 97 ΜΞ

125 143 177 170 Sed
195 143 372 171 Altitonantis
387 142 501 178 prodiga
523 141 570 168 Dei
589 148 670 169 mauu

161 189 263 216 Paulus
277 189 376 216 monile
392 187 530 217 Ecclesia).

123 235 212 263 Musis
228 236 349 262 Athenas
361 235 502 261 affluentes
518 237 632 260 venerat

162 282 258 309 Fidum
280 281 403 316 profanis
419 280 561 315 oppidum.

126 327 260 354 'l'orrentc
274 328 372 361 ‘unguae
386 334 488 356 susque
500 325 590 360 deque
603 325 687 351 diruit

162 374 258 400 Cultus
275 373 410 399 i'dolorum
433 372 542 407 impios.

128 420 208 446 Verbi
226 420 350 454 loquelas
366 419 506 446 seminans
522 419 635 446 solertia

162 465 321 500 Dionysium
342 467 422 492 vertit
435 465 562 500 sophum,

127 512 312 546 proceresque
329 512 410 538 lactat
425 512 495 538 lacte
511 511 599 537 sancti
618 510 749 544 Spiritus,

165 558 239 589 Quos
255 554 328 583 unua
345 556 387 583 vis
401 556 535 582 facundiae

127 604 197 630 Olim
215 607 324 629 tenaces
340 602 465 636 quiverat
481 602 626 628 divertere.

163 649 221 675 Alia
237 653 277 675 cst
291 649 375 682 ligura
389 655 469 682 quam
486 651 576 673 antea.

126 694 203 722 Nunc
220 695 343 729 viperina
360 698 548 729 pra-caverunt
563 693 691 728 dogmata

161 740 233 767 luter
249 740 363 766 reflexas
382 740 505 770 semitas,

125 785 214 819 Atque
229 785 392 811 abdicarunt
412 784 520 818 publice
542 783 706 818 sophistica,

162 832 265 857 Christi
282 831 368 858 secuti
390 831 539 857 tramitem.

126 877 194 910 Lux,
213 877 306 908 Paule,
327 878 460 911 gentium,
477 876 524 904 tihi
540 876 653 902 seientia

161 924 238 950 Nunc
252 928 328 958 grata
345 924 459 958 porrigit
472 931 580 949 manus.

125 969 301 996 Atheniensis
322 969 473 1004 dissipatur
488 968 588 1003 gloria,

161 1016 230 1042 Dum
246 1016 370 1050 suggeris
388 1016 530 1042 miracula.

125 1061 247 1089 Dilectus
263 1062 347 1090 astris
359 1062 457 1088 humor
471 1066 524 1093 est,
542 1062 588 1088 ubi
606 1069 678 1088 novo

161 1109 248 1136 Lahes
260 1110 330 1136 reati
346 1109 458 1136 ssumine

126 1154 293 1190 Purgantur‚
307 1160 369 1186 ante
385 1164 478 1183 verum
495 1156 601 1183 Numen
616 1156 744 1184 noverint

162 1202 194 1228 Et
212 1203 319 1229 lixerint
332 1203 501 1230 medullitus.

126 1249 167 1275 Tu
185 1250 284 1283 praesul
300 1249 387 1276 haeres
399 1250 510 1284 puritati
526 1249 661 1284 Apostoli,

162 1295 284 1330 Lympha
300 1300 414 1322 renatus
433 1296 542 1328 coelica,

127 1340 186 1366 Nox
202 1341 274 1367 hunc
288 1340 399 1375 refugit,
411 1342 515 1367 excutit
527 1342 684 1376 caliginem,

161 1386 220 1412 Jam
240 1388 413 1421 mancipatus
427 1387 547 1415 Numini.

127 1432 204 1467 tigri
223 1442 320 1460 screno
334 1433 416 1460 eorde
427 1433 535 1459 ssamma
551 1433 659 1465 sortior,

165 1480 195 1505 Et
208 1481 285 1506 l'rons
298 1480 404 1507 renidet
420 1480 522 1514 gaudio

128 1525 229 1552 Radit-c
241 1527 275 1553 ah
292 1527 344 1553 ima
366 1527 489 1553 funditus
503 1526 596 1553 vulsas
611 1526 691 1553 simul

167 1573 273 1599 Eri-oris
295 1577 369 1600 :ztes
381 1573 511 1600 extrahit.

127 1620 188 1646 Alte
207 1627 333 1646 recessus
346 1620 480 1646 luminum
497 1622 523 1645 et
535 1619 597 1645 coeti
616 1619 711 1653 plagas

165 1666 321 1696 Scrutatur,
333 1669 414 1699 atque
425 1665 564 1699 praedit-at.

129 1711 254 1738 Scintilla
271 1712 361 1746 qualis
380 1712 464 1746 fulget
485 1716 545 1737 atro
563 1710 707 1745 sulphure,

165 1757 211 1784 Vel
231 1761 259 1783 ut
271 1758 398 1784 retractis
414 1758 532 1784 nubibus

128 1803 180 1830 Per
194 1804 283 1830 noctis
299 1804 424 1830 umbram
441 1804 560 1831 siderum
578 1805 680 1831 micant
694 1804 779 1835 laces.

168 1850 212 1876 Sic
229 1850 356 1884 praesulis
375 1850 467 1877 vultus
483 1850 530 1884 pii.

130 1896 178 1923 Vis
195 1896 285 1922 addita
301 1900 342 1923 cst
359 1896 442 1922 menti
457 1904 463 1927 ;
483 1895 630 1930 verbisque
647 1895 764 1922 seminat

167 1945 274 1970 Milleua
292 1943 392 1970 civium
413 1943 531 1977 agmina.

130 1991 227 2017 Futura
257 1997 350 2015 verum
369 1989 492 2015 nascitur
508 1988 624 2020 sensim,
641 1996 691 2015 nec
706 1993 748 2015 est

167 2037 243 2069 Quod
265 2037 382 2069 amplius
394 2043 485 2061 moras
500 2035 602 2061 trahat.

130 2083 241 2114 Jussum
258 2082 376 2116 capessit
392 2081 514 2115 Apostoli
532 2089 538 2112 ;
553 2088 655 2107 morem
670 2088 768 2115 gerens

168 2128 207 2154 Ad
225 2126 434 2153 Franco-Celtas
450 2126 578 2152 mittitur.

132 2174 256 2201 rex-rem
271 2173 366 2199 urhem
384 2180 446 2198 cum
463 2172 548 2198 sociis
564 2171 699 2198 Lutetiam

167 2220 293 2246 Cinctam
310 2218 423 2245 insulari
438 2217 567 2249 lluminc;

133 2266 202 2291 'lum
220 2265 361 2299 parvulam
377 2264 475 2295 muris,
490 2263 538 2290 sed
557 2263 614 2290 aris
630 2267 655 2289 et
671 2263 752 2289 mola:

170 2312 254 2338 Valde
268 2312 382 2338 deorum
395 2301 535 2337 deditam.-

135 2357 205 2383 Bene
222 2357 313 2387 hahet,
331 2360 471 2390 peractum
484 2359 536 2387 est,
549 2354 621 2391 quod
639 2354 685 2381 diu
703 2355 853 2390 cupiverat.

171 2404 304 2429 l·‹·r.··olvit
317 2403 376 2429 urbi
393 2402 498 2429 munia.

136 2447 267 2474 Pisi-dicta
282 2448 408 2482 quamvis
422 2446 576 2481 principum
594 2445 743 2472 crudelitas

172 2493 264 2519 Tellus
280 2495 388 2521 ruberet
403 2498 554 2528 martyrum

136 2536 241 2562 (Iruora¹
263 2545 268 2561 2
284 2539 366 2563 vitam·
382 2538 486 2563 Gallico
502 2541 594 2564 tamen
609 2536 668 2563 solo

174 2582 247 2608 Tulit
264 2583 396 2608 medelam
417 2590 593 2616 comparans.

139 2629 245 2655 Lolium
259 2629 408 2661 expedivit,
428 2630 539 2655 velleret
555 2627 700 2659 radicitus,

175 2675 251 2707 Quod
267 2675 374 2708 ignibus
386 2675 579 2700 committeret.

139 2722 227 2748 Annis
243 2724 370 2751 onustus,
387 2721 486 2754 eloquii
503 2720 576 2746 sonte
589 2722 684 2755 irrigat

174 2767 288 2793 (iontem
310 2766 451 2800 protanam
472 2766 592 2799 largiter.

142 2813 215 2843 k‘luis
229 2814 253 2839 in
276 2813 431 2847 prophetasv
450 2816 537 2839 mente
555 2812 646 2838 divina
662 2820 735 2845 rapa

932 144 956 170 Α
1007 138 1046 164 Ti:
1059 137 1166 164 Christe
1182 135 1420 170 Ap0110,pnct0ra.

970 182 1053 208 Latex
1073 188 1209 215 saporque
1220 179 1339 206 nectaris
1352 178 1442 212 lingua
1458 177 1526 208 ssuit.

1003 227 1056 253 Cor
1069 227 1188 261 mitigas,
1203 229 1320 252 mentem
1336 224 1421 251 foves.

971 274 1008 300 lta
1023 273 1111 299 reddit
1126 280 1222 307 agmen
1236 271 1364 306 protinus
1379 269 1461 297 lidum
1477 269 1532 296 Deo

1004 319 1127 346 Antistes
1141 319 1210 353 Agni
1228 317 1366 344 conscius.

972 365 1024 393 Sed
1038 365 1201 392 Christianae
1221 364 1334 391 silvulas
1349 366 1442 397 gentes
1457 365 1562 397 petunt,

1006 411 1104 437 Latent
1118 415 1267 437 trementes
1279 409 1388 435 abditae.

970 457 1111 491 Noetuqne
1122 457 1200 482 litant
1215 460 1385 489 congregatae
1399 454 1546 488 supptices.

1005 503 1132 530 Condunt
1145 501 1277 529 suburbio
1292 501 1369 528 ocius

971 549 1108 584 Stephano
1128 549 1212 583 priori
1230 551 1381 582 martyrum
1403 553 1509 573 sacram
1524 545 1635 571 domum

1007 596 1072 630 Ejus
1095 595 1268 629 frequentant
1284 594 1388 620 limina.

971 641 1053 676 408
1064 640 1098 667 Ut
1114 649 1177 667 vere
1189 640 1307 666 florifero
1319 646 1393 674 ragae
1405 638 1485 665 llores
1499 645 1585 664 novos

1007 687 1115 721 Stipant
1130 694 1195 721 apes
1207 690 1233 712 et
1245 685 1360 711 rivulos.

971 734 1054 759 Amor
1067 733 1198 767 sequendi
1215 732 1351 767 quoslihet
1366 730 1489 757 accendit
1503 729 1551 756 Dei

1008 779 1167 814 Dionysium
1184 779 1340 806 satellitem.

936 819 955 844 Β
973 825 1025 852 Nec
1038 833 1053 851 a
1070 824 1233 851 rudimentis
1248 825 1374 851 aberrant
1391 822 1530 859 martyris.

1008 871 1135 898 Semente
1150 878 1212 898 sera
1229 871 1356 906 pinguius

974 919 1088 946 lixsistit
1104 926 1199 945 arvum
1211 927 1218 950 ;
1232 917 1329 945 deinde
1344 916 1418 952 quod
1437 914 1622 950 vegrandibus

1007 965 1130 992 Oblectat
1146 968 1220 991 astra
1236 963 1384 991 messibus.

974 1011 1022 1038 llic
1038 1011 1128 1037 cultor
1142 1011 1249 1037 instans
1268 1014 1312 1035 aut
1328 1014 1419 1036 arator
1434 1008 1573 1042 gnaruris,

1008 1057 1121 1084 Ditescit
1138 1065 1229 1084 aream
1242 1057 1360 1090 replens.

974 1104 1097 1131 Prudens
1111 1104 1225 1130 colonus
1236 1110 1302 1137 ergo
1314 1102 1363 1136 qui
1375 1109 1438 1128 cum
1452 1101 1547 1128 senore-

1009 1150 1083 1176 Parit
1099 1150 1187 1176 solum
1203 1149 1332 1175 feracius.

975 1195 1047 1222 Satis
1063 1202 1199 1229 superque
1212 1194 1309 1220 civitas
1321 1192 1429 1220 Lutetia

1010 1241 1112 1276 Ligone
1126 1241 1199 1267 culta
1215 1239 1354 1274 praesulis.

974 1287 1013 1313 Ad
1031 1288 1155 1314 veritatis
1171 1286 1240 1313 flexa
1253 1286 1345 1312 lumen
1361 1284 1480 1319 inclytae.

1010 1333 1117 1360 Florem
1132 1333 1190 1364 Dei,
1209 1333 1311 1359 sontem
1329 1331 1409 1358 Boni.

975 1381 1036 1407 Ales
1049 1380 1172 1415 polorum
1187 1379 1312 1413 protinus
1324 1376 1483 1412 praecordiis

1010 1426 1117 1454 Nostris
1133 1434 1212 1453 suum
1227 1424 1318 1452 cordis
1329 1424 1410 1458 jubar

976 1474 1114 1503 Vibravit;
1130 1472 1175 1498 alti
1191 1471 1310 1505 pectoris
1327 1470 1410 1496 situm
1426 1469 1562 1496 innovans

1009 1519 1076 1546 Nam
1095 1519 1189 1545 oculos
1203 1518 1324 1544 tenebrae
1342 1517 1506 1543 clauserant.

974 1567 1008 1592 At
1025 1566 1124 1600 viperae
1140 1564 1232 1599 proles
1247 1564 1339 1598 rigens
1360 1562 1466 1589 saevitia

1010 1612 1102 1637 Caesar
1118 1610 1184 1636 lurit
1205 1608 1396 1639 Germanicus,

975 1658 1068 1685 Fidem
1085 1665 1200 1692 perosus
1215 1656 1336 1682 toxicum
1352 1654 1442 1680 fundit
1455 1654 1553 1688 magis.

1012 1704 1089 1737 Quod
1107 1704 1211 1730 loverat
1227 1703 1283 1736 Jam
1298 1701 1467 1736 plusculum,

975 1749 1088 1776 Decreta
1104 1748 1216 1775 mandat
1230 1747 1404 1782 exsequenda
1415 1747 1552 1783 gentibus,

1012 1795 1044 1821 Et
1055 1795 1230 1822 Christianos
1245 1795 1363 1823 territat,

977 1842 1008 1868 Ni
1023 1842 1103 1868 thure
1116 1843 1225 1876 placent
1243 1841 1394 1875 principem
1409 1840 1493 1867 Deum
1505 1839 1613 1873 Jovem,

1013 1888 1074 1915 Mox
1090 1887 1268 1914 destinandos
1284 1887 1404 1922 ignibus.

977 1934 1064 1961 Credis
1075 1934 1200 1961 minister
1207 1934 1311 1961 exstitit
1321 1933 1450 1964 Sisinius‚

1016 1981 1152 2007 immensa
1169 1981 1255 2015 pestis
1267 1984 1293 2007 et
1307 1984 1420 2006 tremor.

978 2027 1063 2060 Cujus
1081 2026 1166 2053 serina
1186 2026 1275 2052 ssoruit
1290 2026 1440 2060 gentilitas.

1014 2073 1046 2099 Et
1062 2072 1148 2099 fastus
1165 2079 1299 2106 arrogans
1313 2071 1406 2102 minis,

981 2118 1119 2153 Serpentis
1135 2123 1211 2145 atrox
1224 2118 1323 2144 evomit
1339 2117 1434 2149 virus;
1450 2125 1499 2144 ncc
1511 2121 1552 2144 cst

943 2167 963 2193 lt
1015 2164 1091 2197 Quod
1105 2164 1187 2191 effero
1210 2164 1285 2189 vultu
1300 2166 1383 2198 queat

978 2211 1116 2237 Cruentus
1132 2209 1208 2236 urbis
1225 2210 1373 2244 optimates
1384 2208 1495 2235 laedcrc.

1015 2256 1050 2283 Ut
1062 2259 1213 2283 aestuantes
1227 2255 1347 2289 oeqnoris

981 2302 1065 2330 Undae
1077 2301 1205 2336 profundi
1219 2302 1348 2328 cautibus
1367 2301 1466 2328 radunt
1479 2301 1544 2327 nihil
1559 2309 1564 2325 :

1014 2348 1127 2375 Frustra
1141 2349 1247 2375 laborat
1259 2349 1380 2383 regulus.

980 2394 1036 2420 lleu
1056 2395 1143 2429 surgit
1156 2394 1207 2425 ira,
1227 2398 1253 2420 et
1269 2396 1381 2428 aggerat
1394 2392 1467 2419 vircs
1482 2391 1569 2423 furor,

1017 2441 1103 2467 Struit
1115 2441 1221 2467 ruinam
1235 2440 1361 2474 martyri.

983 2487 1106 2513 Stimulis
1122 2487 1235 2513 calescit
1247 2485 1396 2512 condolens
1410 2485 1482 2510 ultor
1495 2483 1576 2511 Deum

1017 2533 1070 2559 Nec
1085 2536 1218 2567 temperat
1230 2532 1358 2559 vesania‘.

982 2580 1003 2607 0
1019 2586 1108 2605 mersa
1122 2579 1187 2605 limo
1202 2578 1312 2604 caecitas
1327 2576 1493 2607 mortalium,

1017 2624 1039 2649 ()
1053 2624 1160 2659 spissus
1175 2631 1252 2650 error
1266 2623 1396 2657 gentium.

983 2670 1082 2697 l'astus
1098 2678 1196 2696 cruore
1215 2669 1335 2695 carnifex
1351 2668 1431 2702 gest-it
1446 2669 1524 2695 ‹lut-is

1019 2717 1127 2742 statuta
1142 2717 1193 2742 rite
1203 2715 1340 2750 persequi.

986 2764 1054 2796 ilinc
1069 2763 1208 2789 hostiatim
1225 2761 1353 2795 martyris
1366 2760 1484 2795 vestigia»

1020 2809 1140 2843 Vestigat
1155 2808 1239 2834 :nutam
1258 2813 1281 2834 ct
1299 2807 1374 2841 petit.
