1860 2961
82 100 131 127 8ἓῆ
573 98 660 128 titt,
684 97 786 126 At'tz'r,
807 98 834 123 l'.
855 97 1000 123 ttttsttiix
1022 97 1094 124 SOC.
1113 97 1205 123 JtiSt'.
1645 95 1694 120 §.30

83 158 191 183 fiii-runt
212 156 357 181 Dominica·
381 156 470 180 cruris
491 155 603 186 clavus,
626 160 652 181 et
675 156 768 189 spinea
787 156 887 182 ‹ltirisii
906 165 1018 185 corona.
1033 161 1058 180 et
1082 155 1168 180 sain-ti
1193 154 1265 180 senis·
1290 153 1422 179 Simeonis
1447 153 1600 178 lii-arbium.
1622 153 1692 178 idi-ni

81 191 194 218 Carolus
213 199 271 216 cuin
290 198 375 216 annos
394 190 503 223 triginta
526 195 674 223 regnasset,
701 191 844 224 imperium
870 197 911 217 est
932 196 1093 217 consecutus
1110 199 1115 217 :
1134 198 1187 223 quo
1207 189 1343 214 lii-*unium
1371 190 1499 214 duntaxat
1524 188 1692 219 perlinit-tus,

82 226 202 252 Sodi-cire
219 226 328 256 medici,
342 233 420 258 quein
440 225 557 251 habebat
573 226 776 256 charissimum.
793 234 906 257 veneno,
926 232 953 252 nt
977 227 1064 255 aiunt=
1079 225 1191 253 interiit.
1207 229 1231 248 ι·ι
1251 223 1380 249 veri-«eins
1397 224 1461 248 mlii·
1483 223 1565 248 ltalia·
1581 224 1694 247 tinnula-

83 267 126 287 ιιι»Ι
140 267 198 286 est:
214 260 299 286 sedin
317 262 402 286 sancti
422 261 542 294 Dionysii
559 261 643 286 :rili-in
661 261 801 292 septi-nnio
817 267 875 294 post
900 262 1041 288 transferri
1061 260 1153 286 voluit.
1180 259 1244 284 *Nam
1270 259 1461 290 Archi-ugeriis
1477 258 1613 283 c‹1·noliita
1632 258 1692 282 tnu-

82 296 221 329 nysianus,
245 300 269 321 et
285 296 438 327 Alplionsus
454 296 483 321 b.
500 295 619 327 Quintiui
636 295 856 321 Viroumndinisis
872 297 999 325 antimus,
1017 304 1044 319 se
1067 297 1091 321 iu
1112 295 1216 328 templis
1238 294 1295 318 sin,
1311 298 1504 326 pernoctantes
1520 292 1554 318 ab
1571 293 1628 326 ipso
1644 293 1694 318 (Ia-

83 331 140 356 roln
159 338 206 363 pcr
226 330 355 362 quieti-in.
373 331 404 355 ili·
418 329 476 361 rjus
490 338 604 364 corpore
621 330 646 356 ιιι
661 335 810 363 iiiiirt)'i·iiin
830 331 914 356 :rilem
929 330 1117 356 titiuslrreudo
1134 330 1287 355 admonitos
1304 333 1506 353 asseverarunt.

119 365 172 391 Nec
191 365 240 390 suit
257 364 409 390 Ludovieus
426 365 541 391 Crassus
561 373 574 390 a
593 364 724 397 majorum
747 366 897 390 :riiiulaiiitzi
919 367 944 392 iu
970 366 1125 399 Dionysium
1152 364 1327 389 veneratione
1350 364 1475 395 degener.
1500 362 1637 395 Siquidem
1655 363 1692 387 ir-

82 405 178 425 ruente
197 400 221 425 iu
240 400 380 425 Fraiiciaiu
396 399 511 425 lleurico
528 399 546 425 ll
563 400 701 433 imperat..
719 405 744 426 et
760 401 820 426 urbi
838 400 948 426 lilwiuis
961 406 1113 426 extremum
1130 399 1270 425 minitanti·v
1289 399 1413 427 exitium.
1428 399 1528 423 interea
1542 399 1603 422 duin
1618 398 1694 423 mili-s

82 435 224 465 scribitur,
242 434 297 460 adit
314 434 372 467 ipse
389 435 421 460 :id
438 441 561 460 sanctum
580 434 748 468 Dionysium,
767 436 841 467 regni
860 440 975 461 tutorem
990 435 1107 461 invocat.
1121 434 1179 466 eius
1200 439 1227 458 et
1249 434 1386 459 sociorum
1411 441 1525 465 corpora
1545 441 1559 459 e
1583 433 1694 458 latit-liiis

82 469 171 500 effert,
188 469 360 495 venerationi
379 469 487 495 exhibet
505 478 510 494 :
526 469 622 495 deinde
635 475 773 502 assumpta
792 471 824 496 ali
840 470 918 495 altari
935 469 1070 495 flammula
1086 469 1142 502 (020)
1159 468 1296 502 (vexillum
1319 468 1368 493 lior,
1394 473 1434 493 rst
1451 476 1555 492 sarruiu
1578 473 1603 493 et
1618 468 1694 494 belli--

82 512 155 534 enin,
172 504 286 531 Francis
303 504 413 537 regibus
429 505 454 529 iu
472 504 566 530 militia
582 503 701 537 prwl'erri
721 504 843 539 solitum)
857 505 974 530 ltliemos
992 512 1052 530 cuin
1070 504 1192 529 exercitu
1207 503 1326 528 advolat.
1339 503 1423 535 (injus
1439 503 1555 528 adicutu
1569 509 1595 528 et
1610 504 1694 535 copiis

82 539 195 565 territus
211 539 370 572 imperator.
387 538 547 565 confusione
566 539 645 564 simul
666 544 691 564 et
705 546 824 565 moerore
839 545 866 565 ct
882 539 1054 573 impatientia
1072 540 1190 564 animum
1207 537 1418 570 flagellantibus,
1433 538 1528 563 mortis
1543 538 1692 563 arri-lerata

82 574 246 600 necessitate
264 574 432 601 retrocessit.
454 574 584 607 bri-rique
605 579 711 607 postea,
726 579 752 599 et
766 575 874 607 qui-lein
889 575 946 600 siue
965 574 1067 601 liberis.
1081 572 1376 603 excessit,Liidovirus
1390 578 1478 597 autem
1497 574 1549 598 toti
1571 581 1692 605 compos,

81 609 194 635 dimisso
212 608 348 636 exercitu.
366 609 399 634 ad
423 609 541 642 Dionysii
566 609 731 636 rienoliium.
755 608 810 634 Deo
825 614 851 634 ct
873 609 1039 642 martyribus
1062 609 1164 642 gratias
1182 612 1293 633 acturus
1318 608 1397 632 rediit
1411 608 1526 640 :quibus
1541 613 1568 634 et
1584 609 1692 641 egregia

81 644 149 668 dona
165 644 315 677 suspendit.
336 644 388 670 Sed
408 644 478 677 quod
499 651 560 677 rege
578 644 686 675 diguam
710 644 836 677 pietati-m
854 645 878 669 iii
895 643 990 676 primis
1003 644 1133 674 ostendit,
1149 643 1199 668 lioc
1215 642 1263 668 suit
1279 651 1285 674 ;
1301 643 1371 676 quod
1390 643 1572 669 recondendis
1586 651 1694 668 coruin-

81 678 141 704 dem
158 679 208 705 SS.
227 683 377 712 martyrum
392 679 553 711 corporibus
567 686 630 704 snos
647 679 703 711 ipse
718 680 845 704 humeros
862 687 906 704 rex
926 683 1013 703 tantus
1026 678 1176 711 supposuit.

116 713 319 747 (joujiiuffiinius
336 719 389 738 tam
415 714 458 747 pio
482 715 535 745 regi
554 714 696 746 conjugem
719 719 794 739 suain
813 714 898 740 multo
923 713 1132 746 pientissiinani,
1146 712 1224 745 cujus
1246 711 1270 737 in
1294 717 1417 737 sanctum
1442 711 1598 746 Dionysium
1620 717 1691 738 tanta

80 748 179 781 pietaS.
196 754 222 775 et
236 756 323 780 amor,
339 754 367 774 et
381 748 570 774 benevolentia
598 750 656 777 tuit.
677 754 705 774 iit
728 748 816 773 locum
841 748 963 781 mai-tyrii
977 749 1045 781 ejus,
1058 748 1114 774 sive
1134 747 1250 772 Moutem
1277 746 1436 780 Martyrum,
1452 747 1548 772 illustri
1565 749 1693 773 cir-noluo

81 791 221 809 sacrarum
240 784 373 816 virginum
389 790 499 813 ornare,
516 788 541 808 et
565 790 631 809 nova
653 783 768 816 quadam
795 789 931 816 perpetu-t:
954 783 1140 809 sanctimonia}
1160 789 1258 807 corona
1283 782 1418 807 honorare
1434 783 1557 807 tulin-rit.
1574 781 1638 807 remi
1655 782 1691 808 ilii

80 819 189 843 Adel-iis
207 824 307 844 :eterna
332 820 411 851 digua
439 819 566 843 memoria
591 819 715 848 hei-uiua,
743 822 770 842 nt
793 819 844 851 piis
868 819 1020 852 virginibus
1045 818 1150 843 ordinis
1166 817 1259 842 sinen
1278 816 1416 842 Benedicti
1445 817 1583 850 egregium
1601 822 1627 842 et
1645 818 1690 843 tali

81 854 162 878 eoetiii
175 854 407 880 accommodatum
419 857 490 878 esset
504 853 708 883 monasterium.
723 860 775 886 quo
791 862 820 877 se
835 854 954 886 recipere
970 853 1114 879 identidem
1127 853 1158 877 ad
1173 859 1266 877 sacros
1278 860 1340 877 suos
1354 859 1462 877 amores
1476 858 1556 885 atque
1569 852 1692 883 delicias,

80 889 131 913 hoc
147 893 198 919 est,
223 888 255 914 ad
279 889 438 914 memoriam
459 892 540 921 atque
563 893 738 913 monumenta
763 887 888 921 gloriosa·
913 889 1007 913 mortis
1031 892 1186 913 sanctoruni
1212 891 1361 920 iiiartyi·nin
1383 892 1484 920 posset,
1505 888 1604 912 institit
1621 889 1691 921 apud

80 923 219 953 maritum.
248 923 428 957 pervii-itque,
455 927 482 947 ut
505 922 567 948 viris
587 922 732 956 religiosis,
759 923 803 956 qui
830 922 917 948 locum
942 923 1015 948 illum
1042 922 1118 955 prius
1147 921 1301 947 insidebant
1320 923 1390 954 (crat
1406 922 1478 947 cuim
1498 922 1646 954 prioratus,
1664 927 1694 948 ut

80 964 190 989 vocant,
217 966 230 984 a
258 958 381 984 coenobio
407 957 436 984 S.
464 956 571 983 Martini
597 957 629 983 de
654 957 763 990 Campis
787 957 953 990 dependens)
972 958 1069 991 aliquis·
1086 958 1155 982 alius
1181 957 1387 984 attribueretur.
1403 964 1483 990 quein
1502 957 1552 990 ipsi
1571 957 1693 983 volentes

81 993 257 1026 lubentesque
282 993 308 1019 iu
334 992 576 1018 commutationem
603 992 769 1024 acciperent.
799 991 825 1017 ld
853 993 934 1026 igitur
960 997 1082 1018 curatum
1109 992 1264 1025 diligenter,
1291 996 1317 1017 et
1345 991 1510 1018 lactumtac
1528 992 1565 1017 illi
1583 991 1692 1025 quidem

80 1028 216 1054 abbatiam
229 1027 320 1054 Sancti
339 1026 459 1061 Dionysii
477 1026 509 1053 de
526 1026 643 1053 Ciu-cere
661 1027 821 1060 appellatam
841 1035 894 1053 iioii
914 1028 989 1053 inviti
1010 1034 1151 1060 accepere.
1171 1026 1294 1059 Virgines
1310 1031 1400 1053 autem
1426 1027 1451 1052 in
1477 1026 1594 1053 Monteui
1619 1025 1691 1052 Mar-

82 1067 88 1087 t
113 1071 170 1088 rum
192 1063 376 1096 triumphante
394 1070 424 1088 ac
443 1062 496 1087 voti
522 1061 561 1087 sui
581 1062 701 1094 potiente
727 1061 858 1088 Adelaide
875 1062 1068 1088 conscendere.
1088 1062 1202 1087 Exstant
1228 1061 1306 1093 hujus
1323 1061 1546 1088 commutationis
1564 1061 1661 1087 litterze
1677 1069 1692 1087 a

79 1069 159 1123 lyetro
178 1097 329 1124 Venerabili
345 1097 444 1123 abbate
455 1096 628 1123 cluniacensi
640 1096 696 1131 (21)
710 1096 783 1130 (nam
796 1096 866 1122 illius
882 1104 912 1123 ea
929 1105 972 1123 res
990 1098 1131 1129 intererat)
1145 1103 1215 1122 aimo
1229 1095 1374 1122 Doininicae
1391 1096 1592 1123 tricariiaiionis
1609 1097 1692 1123 initie-

79 1132 149 1159 simo
163 1133 312 1159 centesimo
331 1132 469 1158 tricesimo
486 1132 568 1157 tertio
585 1132 665 1159 datat.
684 1132 824 1158 Absotiitis
841 1139 923 1165 porro
938 1137 994 1158 tum
1010 1132 1072 1158 aliis
1089 1132 1122 1157 ad
1138 1131 1336 1158 habitationem
1354 1132 1487 1161 aediliciis,
1509 1137 1562 1157 tuni
1582 1132 1615 1157 ad
1632 1139 1692 1165 pre-

79 1175 124 1193 ces
141 1173 168 1194 et
181 1173 241 1194 rota
261 1167 352 1201 templi
376 1167 540 1197 structuris,
559 1167 782 1199 percommodum
805 1174 870 1193 sanc
894 1168 1005 1197 accidit,
1024 1171 1078 1192 tam
1103 1166 1137 1192 ad
1155 1167 1284 1200 maiorem
1303 1167 1373 1199 regis
1395 1174 1427 1193 ac
1450 1167 1550 1200 regina:
1570 1166 1691 1192 lietitiam

79 1207 159 1235 atque
178 1203 398 1231 exsultationem,
414 1209 494 1235 quain
512 1201 544 1227 ad
563 1202 647 1234 ipsius
665 1201 845 1228 solemnitatis
868 1201 947 1234 louge
966 1202 1186 1235 augustissimam
1205 1205 1232 1227 et
1253 1201 1452 1228 sanctissimam
1467 1202 1690 1230 celebrationem.

80 1243 107 1262 ut
127 1238 263 1272 Eiigeuiiis
281 1237 311 1263 ΙΙ]
333 1237 452 1271 pontifex
472 1237 498 1261 in
523 1236 609 1262 Gallia
629 1237 824 1262 diversaretur.
851 1235 916 1262 Nam
947 1237 1018 1271 regis
1041 1236 1281 1267 Clitistiatiissimi,
1300 1241 1325 1261 ct
1354 1237 1529 1270 pientissimae
1554 1236 1693 1262 Adelaidis

80 1272 192 1298 iuvit-itu
211 1273 339 1305 templum
358 1272 422 1297 illud
441 1279 538 1297 novum
559 1271 687 1304 legitimis
697 1271 865 1297 emi-eiiioiiiis
878 1272 1025 1304 dedicarit,
1039 1276 1065 1298 et
1081 1271 1131 1297 sibi
1144 1271 1175 1296 ιιι]
1191 1278 1266 1296 aram
1283 1272 1431 1304 principem
1449 1271 1570 1302 facienti,
1585 1272 1611 1297 5.
1627 1271 1691 1296 tier-

80 1308 193 1334 nardum
213 1308 336 1333 abbatem
356 1306 587 1333 Claravallensein
609 1314 657 1340 pro
684 1307 811 1337 diacono,
827 1306 939 1332 Petrum
961 1305 1148 1332 Venerabilem
1170 1309 1313 1339 praesulem
1334 1306 1545 1332 Cluniae-ensem
1563 1313 1611 1339 pro
1627 1307 1691 1332 suli-

79 1343 198 1370 ‹liacouo
214 1343 417 1368 ministraturos
433 1341 592 1374 assumpsit.
609 1342 648 1367 Ac
666 1341 822 1367 Beriiardus
840 1342 950 1375 quidem
972 1341 1043 1367 illam
1062 1341 1146 1375 ipsam
1166 1342 1297 1372 tunicam,
1312 1349 1364 1375 qua
1381 1347 1435 1367 tum
1459 1342 1543 1367 sacris
1562 1346 1692 1374 operatus·

77 1383 147 1410 erat,
170 1385 184 1404 e
203 1378 253 1404 tela
278 1382 406 1408 argentea
423 1375 587 1407 consectam,
605 1378 725 1410 ejusdem
751 1378 918 1402 monasterio
943 1384 1039 1402 munus
1062 1376 1180 1409 reliquit.
1199 1376 1265 1407 Quae
1292 1376 1328 1402 ibi
1351 1382 1452 1402 sanctie
1468 1377 1566 1409 regina:
1583 1377 1691 1408 gaudia,

77 1413 123 1446 qui
147 1413 270 1446 plausus,
290 1413 334 1444 qni
358 1411 499 1444 triumphi,
520 1412 600 1438 rebus
625 1412 752 1437 omuibus
769 1415 822 1437 tam
839 1418 854 1437 e
876 1418 939 1439 voto
954 1417 1084 1445 tanquam
1101 1419 1133 1437 ex
1149 1411 1232 1437 animi
1253 1413 1388 1438 sententia
1413 1412 1557 1441 consectis,
1573 1411 1690 1442 fuerint,

77 1449 138 1481 quis
151 1449 266 1474 diceudo
282 1447 438 1480 exprimat?
453 1446 492 1472 Ex
510 1446 556 1472 illo
572 1446 654 1481 igitur
673 1447 741 1473 itare
753 1445 910 1479 [requenter
924 1448 957 1473 ιιι]
977 1447 1086 1472 beatum
1105 1447 1180 1472 illum
1192 1446 1292 1479 locum,
1308 1455 1356 1472 nee
1371 1454 1489 1480 unquam
1506 1453 1617 1479 aspectu
1632 1447 1691 1472 eul-

77 1488 159 1515 tiiqiie
173 1488 274 1509 sauctae
297 1482 368 1508 iltius
387 1487 477 1512 terrai,
495 1489 555 1515 qua:
580 1481 687 1515 patroni
708 1481 749 1507 sui
778 1481 897 1516 Dionysii
924 1483 1115 1515 sociorumque
1137 1486 1287 1515 martyrum
1305 1482 1462 1515 sauguinem
1489 1487 1572 1513 suxit,
1586 1483 1691 1507 satiari.

76 1517 201 1551 Denique
215 1522 277 1552 post
295 1517 449 1543 charissimi
466 1516 555 1542 mariti
570 1524 712 1542 excessum
729 1520 825 1542 cuncta
843 1517 879 1542 illi
892 1517 992 1550 palatia
1011 1524 1065 1550 prae
1085 1516 1130 1542 illo
1145 1524 1199 1542 uiio
1214 1517 1339 1543 coeiiobio
1357 1517 1488 1543 soi'duere
1506 1523 1512 1540 ε
1529 1517 1564 1542 ώι
1581 1517 1691 1542 viduita-

76 1558 131 1578 tem
148 1560 224 1578 siiani
240 1559 361 1583 sacrare,
377 1552 412 1577 ihi
429 1556 512 1577 totam
532 1552 660 1585 deinceps
675 1551 756 1576 vitani
773 1552 896 1584 exigere,
917 1551 1036 1578 immori
1053 1556 1080 1577 et
1096 1551 1205 1585 sepeliri
1219 1553 1310 1585 elegit.

110 1587 164 1614 Nec
180 1593 324 1620 pai-cutum
339 1588 468 1612 virtutem
484 1586 508 1611 itt
522 1594 551 1612 se
568 1587 719 1613 desiderari
743 1594 837 1619 passus
856 1592 896 1612 est
909 1586 1064 1613 Ludovicus
1084 1585 1196 1612 Jimior:
1212 1588 1256 1619 qui
1273 1595 1298 1612 iii
1322 1591 1423 1612 terram
1443 1590 1566 1612 sanctam
1589 1593 1691 1619 parans

76 1624 277 1656 expeditionem
297 1626 396 1656 (annus
418 1627 478 1647 erat
503 1621 599 1647 salutis
627 1626 727 1648 nostra:
755 1621 915 1647 millesimus
936 1622 1102 1648 centesimus
1125 1622 1351 1655 quadragesimus
1371 1622 1513 1655 septimus)
1534 1629 1692 1654 pr.iisqiiaui

77 1666 160 1691 regno
183 1658 336 1689 excederet,
352 1657 385 1682 ad
408 1656 495 1682 sancti
516 1656 636 1690 Dionysii
657 1656 777 1682 secunda
804 1661 863 1689 post
890 1656 1071 1683 Pentecosten
1091 1657 1259 1683 hebdom-aua
1285 1657 1412 1688 accessit,
1427 1664 1440 1682 a
1461 1664 1514 1690 quo
1529 1662 1554 1682 et
1571 1664 1649 1690 opem
1665 1661 1691 1682 et

76 1693 232 1719 discedendi
249 1692 405 1718 facultatem
424 1691 556 1724 expetiit:
571 1699 624 1724 quo
640 1692 723 1718 etiam
741 1691 768 1717 in
785 1692 884 1725 templo
899 1700 1007 1718 sacrum
1025 1692 1153 1717 vexillum
1172 1698 1205 1717 ex
1223 1699 1297 1717 inore
1316 1692 1391 1724 regio
1412 1699 1542 1725 perquam
1562 1699 1690 1717 reveren-

76 1734 118 1754 ter
132 1728 245 1760 aete-pit.
263 1727 334 1758 Quin
350 1731 376 1753 et
390 1732 474 1759 {ratris
492 1726 645 1760 exemplum
662 1731 782 1756 secutus,
799 1734 880 1753 sacro
895 1727 924 1752 B.
942 1727 1062 1761 Dionysii
1084 1728 1197 1757 feretro,
1215 1728 1278 1752 dum
1297 1727 1502 1758 reconderetur,
1520 1727 1690 1752 succollavit.

113 1762 195 1797 519
215 1761 368 1796 Philippum
388 1768 452 1787 vero
469 1762 632 1794 Augustum,
651 1761 731 1793 liujus
752 1760 880 1787 Ludovici
896 1761 1019 1788 Jtinioris
1037 1763 1132 1792 lilium,
1152 1764 1211 1794 quis
1228 1761 1270 1787 liic
1288 1770 1345 1788 sine
1361 1762 1460 1795 flagitio
1478 1766 1617 1795 prarterire
1634 1768 1692 1795 pus-

75 1799 127 1824 sit‘!
145 1800 194 1824 the
212 1804 284 1823 emm
298 1797 389 1822 multis
408 1801 551 1829 parentum
567 1797 693 1829 precibus
715 1801 776 1830 post
797 1797 936 1829 copiosam
954 1798 1067 1823 alterius
1082 1804 1165 1823 sexus
1180 1797 1298 1822 sobolem
1316 1806 1330 1822 a
1350 1798 1403 1822 lieo
1420 1802 1589 1830 niipetratus,
1607 1803 1634 1823 et
1648 1804 1691 1822 rix

75 1834 212 1859 decimum
230 1833 358 1865 quintum
376 1832 515 1865 ingressus·
531 1839 631 1857 aiinuui
652 1832 760 1857 vivente
775 1835 801 1857 et
817 1833 926 1858 volente
944 1838 1032 1865 patre,
1053 1839 1126 1865 regni
1143 1831 1334 1864 gubernaculis
1355 1833 1481 1858 admotus
1497 1840 1556 1857 euni
1581 1831 1690 1863 suisset,

75 1868 220 1895 confestim
238 1875 334 1900 magna
353 1867 379 1892 in
396 1866 480 1891 Deum
492 1867 611 1899 pietatis,
627 1874 723 1899 magua
743 1874 768 1891 iu
788 1866 944 1900 Dionysium
962 1867 1145 1892 'venerationis
1161 1867 1309 1899 specimina
1330 1867 1411 1893 edere
1427 1867 1531 1900 incipit.
1548 1867 1627 1893 Auno
1644 1867 1692 1900 igi-

76 1907 121 1928 tur
144 1903 248 1929 Domini
266 1901 408 1928 millesimo
425 1906 575 1927 centesimo
592 1902 782 1933 nonagesimo,
801 1902 858 1935 ipsa
875 1902 917 1927 die
936 1903 1022 1927 sancti
1040 1903 1153 1928 Joaiiuis
1179 1902 1308 1934 Baptistae
1323 1909 1401 1928 saera
1418 1902 1456 1934 ιιι]
1479 1903 1547 1934 quod
1565 1901 1609 1927 diu
1629 1907 1692 1928 aute

75 1945 131 1971 prae
146 1946 174 1965 se
189 1937 302 1968 tulerat,
320 1941 346 1963 et
359 1937 461 1963 diuitiis
479 1944 540 1962 ctiiii
559 1937 650 1962 animo
666 1945 713 1961 suo
724 1936 845 1962 volverat
865 1945 896 1962 ac
912 1937 1119 1970 concupiverat)
1141 1945 1212 1962 serio
1230 1937 1341 1970 aggredi
1369 1937 1567 1969 expeditionem
1587 1938 1612 1962 ιιι
1635 1942 1691 1962 ter-

74 1980 131 1999 rani
150 1977 274 1999 sanctam
288 1980 360 1998 nunc
374 1971 530 2002 instituens,
547 1971 574 1996 in
589 1972 718 2004 oppidum
737 1972 823 1997 saneti
847 1970 978 2006 Dionysii,
995 1981 1056 1998 eum
1075 1973 1248 1997 invocaturus
1262 1977 1407 2005 patronum
1430 1976 1456 1996 ct
1476 1974 1570 1997 duceni
1599 1972 1691 2005 priesl-

75 2009 191 2042 dcmqne
209 2008 282 2039 beth,
299 2015 327 2033 se
345 2007 469 2033 contulit.
487 2005 524 2031 lbi
542 2013 606 2032 vero
622 2014 715 2032 coram
741 2008 828 2032 saeris
844 2006 903 2039 ejus
922 2012 948 2033 et
966 2008 1102 2033 sociorum
1121 2014 1231 2032 suorum
1261 2007 1363 2033 ttusiici
1380 2011 1406 2032 ct
1424 2006 1570 2032 Eleutlicrii
1595 2015 1692 2040 corpo-

76 2044 151 2069 ribus
168 2050 324 2069 tnarmoreo
342 2042 368 2068 in
386 2041 541 2075 pariiiienio
557 2041 697 2067 humiliter
718 2047 882 2074 prostratus,
904 2043 1029 2068 ardentes
1047 2045 1080 2067 ad
1097 2041 1178 2067 Deum
1206 2043 1338 2074 optimum
1355 2048 1502 2068 maximum
1522 2050 1615 2075 preces
1632 2043 1691 2068 l'uu-

75 2079 150 2108 dere,
170 2084 250 2112 atque
269 2078 304 2103 illi
322 2082 348 2104 ct
362 2077 448 2102 beata:
464 2077 578 2109 virgini,
595 2081 622 2101 et
638 2077 713 2102 hisce
728 2077 816 2103 beatis
831 2078 996 2111 martyribus
1012 2082 1092 2111 atque
1108 2077 1231 2103 omuibus
1249 2078 1354 2103 sanctis
1377 2079 1536 2109 suppliciter
1556 2078 1691 2110 enixeque

75 2117 286 2139 commendare;
305 2113 365 2138 dein
386 2111 514 2146 lacrymis
543 2111 668 2145 pertusus
682 2120 696 2137 a
713 2112 869 2145 precatione
899 2120 1022 2146 surgere,
1046 2118 1073 2138 et
1092 2117 1211 2145 sportam
1242 2113 1423 2145 baculumque
1450 2114 1690 2146 peiegi-iiiatioms,

75 2149 233 2181 porrigente
243 2148 388 2174 Giiilielmo
403 2146 552 2172 Rliemensi
569 2147 783 2180 archiepiscopo,
803 2148 936 2173 avunculo
957 2155 1016 2178 suo,
1040 2148 1194 2181 apostoliea:
1210 2148 1280 2173 sedis
1297 2148 1397 2181 legato,
1413 2154 1473 2172 cum
1493 2155 1590 2181 magno
1607 2148 1690 2181 pieta-

76 2183 110 2209 tis
126 2190 207 2209 seusu
219 2183 358 2216 accipere;
377 2185 432 2207 tum
449 2183 532 2208 etiam
553 2182 615 2207 bina
633 2182 732 2207 vexilla
750 2183 858 2216 egregie
869 2189 1010 2215 apparata,
1027 2190 1084 2215 quie
1106 2190 1186 2215 supra
1216 2188 1372 2209 sauctorum
1399 2187 1548 2216 martyrum
1576 2190 1690 2216 corpora

76 2220 129 2244 lixa
147 2224 237 2250 erant,
253 2219 309 2243 suis
327 2218 453 2243 manibus·
473 2218 586 2249 reli-gere
603 2223 634 2242 ac
647 2217 757 2243 tollere:
774 2219 890 2250 denique
907 2223 967 2252 post
982 2217 1152 2250 expostulata
1173 2225 1187 2242 a
1206 2218 1335 2243 irati-nius
1353 2217 1485 2251 religiosis
1502 2219 1690 2250 pieczitionuui

75 2253 206 2284 subsidia,
225 2257 253 2279 et
278 2257 338 2286 post
354 2257 491 2284 acceptam
511 2252 580 2277 clati
597 2250 743 2283 Dominici,
759 2257 786 2278 et
800 2253 900 2285 spinea:
917 2261 1035 2283 coronae,
1063 2258 1090 2278 et
1113 2253 1217 2279 brachii
1247 2254 1332 2279 sancti
1359 2252 1496 2279 simeonis
1516 2260 1595 2285 (quas
1614 2253 1638 2278 in
1658 2260 1690 2277 eo

76 2289 200 2313 toenubio
218 2287 431 2321 pretiosissimas
448 2291 556 2312 servant
573 2288 711 2320 reliquias)
728 2288 944 2314 benedictionem
960 2287 1116 2318 abscedere,
1139 2292 1220 2320 atque
1246 2288 1298 2314 iter
1314 2296 1361 2321 pro
1377 2289 1565 2321 auiplilicaiida
1582 2288 1689 2321 religio-

77 2323 118 2348 nis
133 2324 293 2349 Christianae
320 2322 405 2356 gloria
428 2329 475 2347 rex
491 2323 740 2348 (aliristianissuuus
765 2327 913 2348 maturare.
939 2323 1079 2355 l'erruptis
1106 2323 1219 2356 proinde
1244 2325 1371 2349 omnihus
1394 2330 1529 2348 morarum
1546 2324 1689 2349 ctdilatio-

76 2365 138 2383 uum
155 2359 255 2389 causis,
273 2366 343 2383 aimo
364 2364 499 2389 proximo,
520 2364 574 2391 ipsa
593 2358 662 2383 sacri
679 2357 819 2384 Pascliatis
832 2359 920 2391 vigilia
943 2366 990 2391 pro
1009 2365 1092 2383 inuris
1118 2359 1234 2383 Acconis
1251 2359 1325 2383 urbis
1349 2360 1429 2384 totins
1444 2357 1593 2384 rai-estune
1606 2360 1689 2384 multo

76 2394 276 2423 litttttiltsStttttv,
295 2393 460 2418 christianis
476 2400 535 2417 eain
551 2393 748 2423 obsidentibus,
764 2393 811 2419 sed
828 2393 895 2419 ninil
915 2392 1058 2419 admodum
1075 2400 1169 2418 contra
1199 2393 1317 2418 Sal-admi
1335 2394 1407 2419 vires
1424 2398 1450 2419 et
1467 2394 1517 2419 loci
1536 2401 1689 2426 propugna-

77 2429 134 2453 cula
152 2428 364 2461 proficientibus,
385 2433 511 2460 tauquam
543 2427 654 2460 angelus
673 2428 776 2453 Domini
794 2428 890 2459 astitit,
910 2434 936 2454 et
955 2428 1018 2453 dato
1036 2427 1091 2453 suis
1115 2434 1205 2453 animo
1223 2436 1261 2453 sic
1278 2434 1434 2461 oppugnare
1459 2430 1573 2454 adorsus
1590 2435 1642 2459 est,
1661 2435 1690 2455 ut

77 2462 114 2487 illi
133 2470 184 2488 non
201 2467 357 2496 exspectato
379 2461 544 2488 Francorum
566 2463 667 2488 insultu
691 2463 756 2496 (jam
771 2464 842 2489 euim
870 2466 1004 2496 patetacta
1021 2470 1062 2487 ria
1078 2464 1147 2495 erat)
1163 2463 1260 2488 dedere
1278 2471 1306 2488 se
1325 2464 1466 2494 malentes,
1483 2471 1563 2496 quam
1588 2464 1688 2497 petire,

77 2497 125 2522 lias
143 2498 286 2523 deditionis
304 2498 473 2523 conditiones
491 2498 667 2528 admiserint;
685 2503 810 2524 utieram
830 2499 934 2524 Domini
952 2505 1071 2528 crucem,
1085 2505 1164 2531 quain
1183 2498 1298 2523 hahebat
1311 2498 1465 2528 Saladtnus,
1484 2500 1642 2524 redderent:
1661 2507 1690 2525 ut

76 2539 170 2558 omnes
185 2532 364 2561 Christianos,
381 2540 448 2566 quos
466 2534 492 2558 iu
510 2537 588 2559 terris
600 2533 655 2558 suis
671 2534 792 2566 captivos
809 2533 976 2564 detinebant,
1001 2537 1174 2559 restituerent
1191 2541 1198 2558 ι
1218 2532 1267 2565 ipsi
1289 2540 1351 2559 xero
1375 2535 1456 2559 salvis·
1474 2538 1576 2559 tantum
1592 2542 1689 2567 corpo-
1720 2541 1723 2547 '

79 2573 152 2592 ribus·
169 2568 227 2592 siue
246 2567 328 2592 armis
340 2567 399 2592 ullis
417 2569 587 2593 excederent.
602 2568 629 2594 ln
648 2576 757 2601 gratem
773 2574 833 2601 post
850 2569 906 2594 haec
924 2570 1045 2594 morbum
1069 2568 1208 2600 Philippiis·
1226 2575 1286 2593 cum
1303 2569 1452 2599 incidisset,
1477 2569 1588 2602 aliaeque
1607 2570 1687 2595 simut

78 2602 177 2628 reditus
195 2610 282 2628 catisae
307 2602 511 2634 intercederent,
532 2604 557 2628 iu
575 2603 715 2629 b'i‘aiieiam
735 2612 871 2635 reversus,
889 2604 955 2630 niliil
972 2604 1064 2629 habuit
1092 2603 1237 2636 antiquius,
1265 2611 1346 2635 quam
1370 2609 1398 2629 ut
1423 2604 1564 2630 confestim
1582 2606 1614 2630 ad
1630 2607 1688 2630 bea-

78 2638 172 2663 tissimi
195 2637 315 2672 Dionysii
331 2637 414 2663 iedeui
432 2639 565 2664 orationis
580 2647 661 2665 causa
683 2640 892 2672 deproperaret:
915 2640 958 2666 cui
974 2641 1130 2666 adventanti
1145 2646 1204 2673 ejus
1219 2640 1334 2666 coenobii
1363 2640 1479 2673 religiosi
1495 2647 1547 2666 una
1562 2648 1622 2666 cum
1640 2642 1687 2666 ab·

77 2673 100 2696 h—
114 2678 139 2697 te
155 2680 204 2698 suo
220 2672 342 2704 hugone,
361 2681 369 2696 ι
381 2673 462 2705 sacta,
479 2677 507 2698 ut
522 2673 630 2707 Rigordi
650 2674 739 2700 verbis
760 2679 821 2701 utar
837 2675 904 2709 5:22),
924 2676 1118 2709 processioiie,»
1138 2679 1245 2700 otniam
1263 2676 1345 2706 ivere,
1359 2682 1474 2709 eumque
1492 2684 1552 2701 cuin
1581 2676 1686 2710 hymnis

77 2712 102 2732 et
118 2707 239 2733 laudibus
258 2716 282 2733 m
295 2708 420 2740 templum
434 2709 571 2734 induxere.
585 2709 639 2734 Rex
657 2715 745 2735 autom
764 2716 825 2736 ante
839 2717 995 2737 sanctorum
1011 2718 1122 2742 corpora
1142 2711 1279 2735 hinmtitei·
1298 2716 1459 2742 prostratus,
1478 2718 1563 2744 primo
1579 2715 1686 2743 quidem

80 2747 192 2775 quantas
210 2744 296 2776 potnit
312 2744 443 2768 maximas
456 2742 511 2769 Deo
536 2745 674 2778 beatisque
698 2747 873 2780 martyribus,
891 2754 1005 2779 quornm
1020 2753 1070 2778 ope
1085 2750 1121 2771 tot
1146 2752 1175 2771 ac
1191 2751 1273 2771 tantis
1287 2747 1430 2772 defunctus
1446 2751 1518 2773 esset
1545 2748 1685 2779 periculis,

79 2783 179 2810 gratias
193 2783 268 2811 egit:
290 2781 344 2803 tuni
360 2785 422 2804 vcro
434 2779 543 2812 pallium
558 2787 686 2811 sericum,
702 2788 801 2807 amoris·
824 2790 863 2807 sui
885 2789 990 2815 pignus,
1008 2782 1084 2805 altari
1104 2782 1246 2806 anathema
1265 2787 1399 2815 niqiosiiit.
1422 2782 1517 2807 i'eiiim
1535 2789 1588 2815 qiio
1605 2788 1687 2808 tesia·
