1860 2961
140 110 192 137 803
728 109 756 136 S.
776 108 923 136 Diom'sit
943 108 1172 136 AREOPAGiTAE
1712 109 1764 136 863

141 169 252 200 ins-uper
268 176 282 194 e
299 176 348 194 suo
367 168 572 201 adjungentem.
595 166 668 198 Fuit,
686 168 736 193 suit
750 167 814 194 oliin
832 175 862 193 ea
880 167 906 193 in
923 167 1000 194 divos
1014 172 1112 201 pictas,
1130 175 1160 194 ea
1177 166 1300 200 largitas,
1320 170 1349 192 ut
1366 174 1419 199 prm
1439 173 1595 194 sanctorum
1613 167 1763 195 bonoribus

140 203 229 228 omnis
243 203 456 236 propinquorum
476 202 614 228 videretur
626 202 736 228 inducta
754 202 875 229 oblivio:
892 210 963 228 nunc
974 210 988 227 c
1005 203 1143 228 contrario
1162 207 1234 228 tanta
1249 206 1290 227 est
1306 202 1516 235 propinquorum
1530 210 1605 232 cura,
1621 208 1646 229 et
1660 204 1763 229 viscera

139 238 288 264 corrodens
304 236 469 266 sollicitudo,
488 237 600 262 utnulla
623 237 746 263 videatur
765 241 921 263 sanctoruni
939 245 994 271 pra}
1011 237 1170 271 propinquis
1190 241 1292 263 restare
1311 237 1451 263 memoria.
1466 236 1564 264 Vei-um
1578 239 1628 264 boc
1641 246 1763 271 agamus,

139 278 166 299 et
179 272 231 297 alia
249 273 333 297 nostri
353 272 481 305 martyris
500 271 620 297 benefica
638 272 787 299 revisamus
801 272 941 299 miracula.

178 307 283 333 Ani—101·
298 312 428 339 {traelstrcss
444 310 485 332 est
504 306 672 332 Flodoardiis
687 306 755 340 (5⁶2),
772 314 820 333 sua
835 311 925 338 :et-ate,
943 307 995 333 lioc
1012 311 1054 333 est.
1074 307 1123 333 suh
1139 314 1238 333 annum
1257 306 1357 333 Christi
1375 307 1618 340 nongentesimum,
1635 307 1763 334 seminam

137 341 330 376 pauperi-ulan»
346 361 352 373 ,
370 341 521 368 Gillaudem
540 342 650 368 nominc
661 362 667 372 ,
682 350 742 368 cnm
766 346 850 367 totam
863 348 973 367 inanum
988 342 1105 375 impacto
1118 342 1194 368 niolae
1204 341 1347 368 manubrio
1365 342 1483 373 graviter
1503 342 1665 372 sauciasset.
1680 343 1712 368 ad
1733 342 1762 369 tt.

140 377 262 410 Dionysii
276 384 368 402 sacras
382 376 512 409 reliquias
529 377 600 410 (quae
619 377 654 402 ol)
674 377 864 403 infestationes
878 384 1041 410 paganorum
1054 376 1166 403 Rbeniis
1178 382 1239 402 tnnc
1253 377 1475 408 asservabaiitiii)
1491 385 1587 410 niagno
1607 385 1666 403 cuin
1683 378 1764 403 timo-

140 419 169 439 ie
180 416 206 437 et
221 412 370 437 reverentia
383 411 495 442 adiisse,
509 417 590 445 atque
603 412 629 437 in
647 419 742 444 preces
759 412 804 438 diu
822 417 958 444 noctuque
978 416 1141 444 prostratam
1157 412 1215 444 ejus
1231 412 1346 445 denique
1359 411 1477 445 alloquio
1492 417 1516 438 et
1534 412 1633 438 solatio
1648 414 1674 438 in
1691 420 1764 438 soni-

140 447 183 473 iiis
199 447 325 472 donatam
341 454 410 477 esse,
429 451 455 472 et
472 447 552 473 simut
567 447 639 473 viam
655 447 808 473 obtinendae
824 446 950 473 sanitatis
963 446 1102 473 didicisse.
1116 446 1173 473 Alia
1190 447 1311 481 eiusdem
1326 448 1454 481 martyris
1466 447 1596 473 miracula
1609 447 1765 481 perstringit

140 481 276 515 Rigordus
293 481 360 514 (53),
372 481 420 507 aevi
433 482 473 508 sui
489 482 606 516 scriptor
628 490 635 508 ε
653 489 768 515 quorum
784 482 845 507 bina
865 482 890 507 in
903 489 1005 507 annum
1021 481 1195 508 millesimum
1219 481 1396 508 centesimum
1424 482 1627 516 nonagesimum
1643 482 1762 513 tertium,

139 517 200 541 bina
220 516 245 541 in
262 517 384 549 proxime
396 522 553 550 sequentem
577 517 743 543 inciderunt.
769 516 863 543 Priora
880 521 942 542 sunt
962 517 1019 542 bate
1037 525 1042 542 z
1058 517 1190 543 Pueruliis
1212 517 1322 550 quidam
1344 517 1397 542 vita
1418 516 1536 544 functus.
1554 517 1586 543 ad
1599 516 1628 542 Β.
1645 516 1764 550 Dionysii

138 551 222 576 :edem
237 560 250 576 a
268 551 438 584 parentibus,
467 552 525 585 ipso
540 552 660 586 ejusdem
676 551 763 578 sancti
780 551 849 578 sesto
864 551 906 577 die
928 552 1096 584 deportatus,
1114 557 1139 578 et
1152 557 1214 579 aute
1227 558 1376 585 martyrum
1388 560 1499 585 corpora
1515 552 1592 578 altari
1610 552 1764 585 impositus,

141 591 285 620 postquam
301 591 429 620 parentes
444 586 472 613 S.
492 587 614 621 Dionysii
629 595 706 620 opem
723 587 811 613 mistis
821 594 913 620 preces
924 586 1051 620 lacrymis
1061 592 1140 620 atque
1152 587 1275 621 suspiriis
1289 586 1438 620 impensius
1452 586 1691 621 iiiipliirnsseiit‚ail
1707 586 1767 612 vitae

109 636 111 638 -
138 628 261 652 usuratu,
280 622 407 647 universo
425 627 597 655 respectante
621 621 731 655 populo,
752 621 921 655 remigravit.
944 621 1008 647 ltem
1031 622 1320 655 arreptitius-quidam
1346 622 1371 648 in
1392 623 1486 648 eodem
1505 622 1604 655 templo
1620 621 1701 648 simili
1715 628 1767 654 ope

107 657 112 678 ¹,
138 661 248 681 curatus
266 661 318 683 est.
344 656 497 682 Posteriora
519 661 609 682 autem
629 657 654 682 in
670 657 796 690 sequenti
816 663 889 682 anno
910 657 966 682 haec
986 655 1095 683 suerunt
1110 665 1116 683 z
1131 657 1269 683 Trimulus
1286 664 1352 690 puer
1371 657 1404 682 de
1420 657 1502 683 Curte
1518 664 1585 682 nova
1608 656 1687 689 aquis
1701 656 1766 681 suh-

139 698 255 720 mersus,
271 692 352 716 vitani
369 691 399 717 tt.
418 691 539 726 Dionysii
556 692 662 718 meritis
680 692 863 725 recuperavit.
876 691 978 717 Deinde
994 691 1036 717 vir
1048 692 1158 725 qnidam
1175 692 1358 724 Misioneiisis,
1371 692 1465 719 eodem
1480 694 1603 719 invocato
1613 696 1642 718 et
1653 698 1767 717 succur-

90 725 117 755 ’ἦ
138 730 213 752 rente
231 726 358 759 Diouydo
373 731 502 760 martyre.
515 734 529 758 e
542 727 665 752 custodia
682 728 751 760 apud
764 726 962 760 Rotlioniaguin
973 726 1112 753 exsolutus
1123 732 1173 753 est.

174 760 228 787 Nec
243 768 307 787 vero
321 764 424 787 tantuin
446 762 566 796 Dionysii
582 761 733 788 cultoribus
747 770 842 795 magna
857 761 1002 793 beneficia,
1016 762 1061 787 sed
1075 762 1156 788 etiam
1166 761 1283 795 sepulcri
1299 761 1476 788 violatoribus
1493 761 1584 795 gravia
1598 761 1625 787 in
1641 765 1766 794 promptu

138 796 247 821 luerunt
262 796 404 829 supplicia.
422 796 527 830 Quippe
543 797 657 822 diioruni
671 797 867 831 sacrilegorum
886 796 1043 822 accelerante
1059 803 1173 828 mortes,
1196 801 1222 823 et
1242 797 1321 823 tinius
1336 797 1444 829 quidem
1459 797 1485 822 iii
1503 797 1561 830 ipso
1580 796 1682 829 pcccati
1696 796 1767 821 arti-

138 830 210 861 culo,
224 831 338 857 :diei-iiis
357 838 421 857 vero
434 832 504 857 intra
516 832 641 858 eumdem
660 839 772 863 annum,
786 840 841 865 quo
862 832 968 858 facinus
985 832 1143 862 admiserat.
1162 832 1260 858 idonea
1275 837 1339 858 suut
1353 831 1507 858 testimonia
1521 832 1587 865 (54).
1603 831 1679 856 Prior
1696 838 1710 857 e
1725 830 1769 856 Si.

138 865 241 898 geberti
258 864 427 892 Francorum
441 867 511 900 regis
532 867 697 900 primoribus
710 872 780 899 crat,
798 867 844 901 qui
858 867 953 893 eodem
972 874 1034 899 rege
1049 866 1169 893 Parisios
1183 867 1268 893 armis
1285 871 1311 892 et
1327 866 1443 893 [laminis
1456 872 1589 898 vastante,
1603 866 1632 892 S.
1648 865 1767 900 Dionysii

137 908 243 925 sacrani
260 901 345 926 aedem
369 908 421 927 non
445 902 553 935 pietatis
572 903 619 927 sed
640 902 762 928 avaritiae
779 901 896 935 impulsu
915 901 1056 935 ingressus
1077 909 1090 927 a
1108 903 1194 928 sancti
1216 901 1340 935 sepulcro
1355 901 1451 935 pallam
1467 901 1645 928 holosericam
1664 908 1729 927 auro
1742 904 1770 926 et

138 935 254 968 genimis
266 942 457 962 coruscantem
476 937 569 963 tollere
588 944 639 963 uon
654 936 799 964 dubitavit.
816 938 885 964 Ecce
897 943 973 969 ergo,
990 937 1053 962 dum
1073 936 1173 963 infelici
1190 937 1277 971 spolio
1301 944 1329 963 se
1344 937 1451 962 beatum
1466 941 1552 970 putat,
1568 941 1593 963 et
1608 936 1770 962 necessitate

138 971 281 1004 navigandi
295 976 419 1004 urgente,
437 979 488 997 una
503 979 563 998 cuin
581 973 688 998 credito
702 972 753 998 sibi
767 980 861 1006 puero,
877 972 919 998 cui
933 972 1064 998 ducentos
1079 979 1178 999 aureos
1195 980 1320 998 nummos
1342 972 1490 998 tradiderat
1512 971 1702 1002 asservandos,
1719 971 1770 997 iter

138 1006 323 1038 prosequitur,
342 1007 491 1040 derepente
507 1008 607 1033 charus
625 1007 668 1033 ille
682 1011 709 1033 et
725 1009 863 1041 pretiosus
873 1014 938 1041 puer
952 1013 1073 1040 praeceps
1086 1008 1159 1039 navi,
1173 1011 1260 1033 tactus
1276 1015 1289 1032 a
1306 1007 1422 1037 nemine,
1441 1011 1467 1033 et
1482 1007 1616 1032 incertum
1633 1012 1685 1039 quo
1704 1013 1769 1031 casii

137 1040 281 1071 delabitur,
294 1047 320 1066 et
335 1042 413 1075 aquis
428 1043 553 1073 obrutus,
567 1050 616 1068 nec
630 1043 687 1076 ipse
703 1050 753 1069 nec
767 1051 863 1069 aurum
878 1045 1002 1075 apparet.
1015 1041 1124 1075 lmpulit
1142 1042 1250 1076 quidem
1273 1049 1304 1068 ea
1324 1042 1422 1075 duplex
1442 1041 1561 1076 jactura,
1587 1040 1769 1067 utconsestim

138 1075 223 1101 littori
243 1075 404 1109 applicaret,
417 1082 443 1103 et
459 1077 638 1110 sepulcralem
656 1077 766 1111 pallam,
777 1079 849 1104 unde
865 1076 1026 1107 abstulerat,
1042 1076 1166 1107 referi-et.
1186 1078 1232 1104 sed
1245 1081 1360 1103 mortem
1378 1077 1513 1110 sacrilegii
1528 1076 1661 1102 vindicem
1674 1083 1707 1102 ne
1722 1084 1771 1101 an-

139 1118 204 1135 num
217 1112 325 1144 quidem
343 1118 426 1137 unum
443 1112 549 1138 amoliri
567 1113 667 1145 potuit.
684 1112 784 1139 Eodem
799 1114 871 1140 eiiiin
889 1111 968 1138 obiit.
983 1111 1061 1138 Alter
1075 1113 1168 1138 eadem
1193 1113 1340 1146 instigante
1355 1112 1414 1138 auri
1430 1111 1554 1145 cupidine
1569 1112 1656 1146 ipsum
1674 1118 1771 1136 ascen-

138 1145 213 1176 dere,
231 1151 258 1171 et
273 1146 386 1178 pedibus
401 1147 565 1173 conculcare
587 1155 694 1174 sacrum
713 1148 846 1174 tumulum
863 1147 933 1174 haud
950 1149 1063 1178 veritus,
1078 1148 1140 1173 dum
1153 1147 1177 1174 ei
1195 1147 1394 1180 impendentem
1411 1147 1564 1173 columbam
1581 1153 1691 1172 auream
1713 1145 1772 1171 lan—

138 1187 186 1206 cea
203 1185 290 1206 tentat
304 1182 417 1212 elidere,
430 1182 487 1216 ipse
505 1181 630 1216 pedibus,
648 1183 748 1216 quibus
766 1184 895 1209 turritum
913 1180 1056 1208 'insistebat
1071 1183 1204 1208 tumulum
1219 1182 1347 1214 utrinque
1365 1182 1494 1216 dilapsis,
1512 1181 1729 1215 compressisque
1745 1181 1771 1206 in

139 1215 197 1247 ipso
211 1216 287 1249 lapsu
303 1217 449 1248 testiculis,
464 1221 490 1244 et
502 1224 550 1243 suo
568 1217 649 1244 infixa
663 1218 739 1244 lateri
751 1217 859 1249 lancea,
876 1221 991 1243 iiiurtein
1009 1224 1057 1250 pro
1074 1224 1141 1243 auro
1156 1217 1268 1243 invenit.
1284 1216 1339 1243 Nec
1356 1224 1420 1243 sane
1433 1217 1544 1243 fortuito
1562 1216 1623 1247 ista,
1638 1216 1684 1242 sed
1697 1216 1771 1249 justo

139 1249 184 1275 Dei
199 1251 302 1283 jndicio
320 1251 372 1277 illis
383 1258 498 1278 evenere
518 1260 524 1278 t
546 1259 574 1278 iit
587 1260 667 1286 quain
683 1253 826 1287 aptissime
843 1253 869 1278 in
883 1259 930 1278 eos
945 1252 1135 1285 quadretillud
1150 1252 1333 1278 Ecclesiastici
1351 1259 1358 1277 ε
1375 1251 1453 1278 Multi
1472 1252 1527 1278 dau
1540 1256 1600 1278 sunt
1617 1251 1643 1276 iii
1657 1251 1714 1276 nuri
1727 1258 1772 1276 ca-

137 1293 194 1325 ‘⁸3¹⁸'
209 1290 232 1310 ec
246 1286 319 1319 sacia
336 1292 373 1313 est
388 1288 414 1313 i'n
427 1287 511 1321 specie
523 1288 605 1321 ipsius
619 1289 732 1322 perditio
747 1288 853 1315 iliorum
867 1292 892 1319 y,
907 1288 933 1314 id
950 1291 992 1313 est
1007 1287 1084 1314 multi
1100 1293 1211 1322 propter
1223 1294 1319 1314 aurum
1335 1287 1506 1319 ceciderunt,
1521 1291 1549 1314 et
1561 1286 1618 1321 ejus
1627 1285 1699 1320 capii
1711 1292 1779 1318 spe--

137 1329 178 1347 cie
187 1326 336 1354 perierunt.

836 1399 1069 1428 NOTATtONES.

177 1446 235 1480 (ΒΞ)
249 1447 394 1474 Flodoard.
408 1445 460 1474 tib.
478 1454 486 1473 t
502 1446 572 1474 nisi.
591 1446 758 1479 Rtiemensis,
774 1455 798 1474 c.
814 1447 860 1474 24.
1020 1447 1077 1482 (54)
1093 1445 1174 1481 Greg.
1190 1445 1254 1472 Tur.
1270 1446 1317 1476 tib.
1333 1453 1339 1472 i
1355 1445 1448 1472 Mirac.
1465 1454 1489 1472 r.
1507 1444 1551 1471 722

180 1483 236 1517 (ὅό)
257 1484 382 1517 ingoni„
400 1485 448 1511 tib.
463 1482 500 1509 De
513 1484 590 1517 yestis
605 1482 722 1516 Philippi
738 1484 860 1517 Aiiqiisti.

777 1559 860 1595 528
878 1561 993 1590 CAPUT
1010 1558 1106 1589 XXlx.

545 1603 577 1631 S.
592 1604 713 1638 Dionysii
729 1604 858 1639 reliqici'a’,
873 1612 896 1633 el
914 1615 1006 1634 earum
1021 1607 1102 1632 virtus
1117 1609 1194 1637 atque
1205 1602 1354 1630 aesiimaiio.
1504 1636 1509 1641 ι

175 1639 384 1666 Sanctissimuin
405 1639 525 1674 Dionysii
548 1646 648 1673 corpus
665 1641 758 1666 babuit
773 1641 830 1674 (55)
854 1642 942 1673 initio,
966 1642 1102 1674 habetque
1125 1641 1274 1665 etiamnum
1295 1637 1395 1663 invicta
1412 1636 1542 1667 Francia;
1561 1639 1663 1662 necest
1677 1642 1771 1661 verum

140 1676 205 1702 illuit
223 1675 369 1708 aliquando
384 1682 430 1701 seu
443 1675 466 1700 vi
483 1682 531 1701 seu
547 1675 610 1700 dolo
628 1675 661 1701 ad
674 1680 781 1709 gentem
796 1676 876 1702 aliam
895 1677 1066 1707 translatum,
1086 1674 1152 1701 t'oris
1163 1673 1337 1703 remansisse,
1353 1677 1400 1697 aut
1416 1679 1468 1698 non
1485 1680 1554 1698 esse.
1569 1670 1636 1696 Nam
1652 1670 1773 1696 Rhemos

139 1711 249 1745 quidem
264 1710 321 1742 (56)
336 1712 377 1743 (ιιι
400 1717 414 1736 e
434 1709 589 1736 Ftoiioardo
614 1710 739 1744 superius
764 1710 930 1738 insinuatum
949 1713 1002 1745 est)
1021 1716 1130 1745 propter
1146 1708 1346 1734 infestationem
1365 1714 1531 1742 paganorum
1548 1705 1633 1732 seim—l
1653 1705 1772 1744 delatum

138 1753 198 1772 esse
214 1749 331 1776 constat,
346 1744 393 1771 sed
406 1745 441 1771 ibi
451 1746 483 1771 ad
493 1745 604 1771 meliora
619 1749 722 1770 tantuin
740 1752 823 1778 iisque
837 1751 958 1780 tempora
974 1750 1151 1773 reservatum.
1166 1743 1256 1769 Semel
1271 1743 1334 1768 iiein
1348 1750 1362 1768 a
1373 1742 1470 1768 Carolo
1478 1742 1573 1782 niagno
1585 1740 1640 1773 (37)
1652 1749 1676 1766 iii
1685 1747 1773 1766 socie-

143 1786 227 1807 tatein
243 1780 350 1806 initiiiae
362 1784 543 1814 assumptum,
559 1780 606 1806 sed
622 1785 699 1813 parta
717 1780 830 1806 victoria
846 1790 907 1807 mox
923 1782 1049 1808 relatum.
1067 1779 1133 1805 Nam
1148 1779 1280 1804 adversus
1297 1777 1460 1803 rebellantes
1476 1777 1526 1816 sibi
1541 1777 1662 1815 baxone-s
1675 1775 1772 1814 belluni

142 1821 276 1846 motui-us,
290 1822 351 1841 cuin
367 1815 433 1840 satis
449 1820 553 1845 nosset,
570 1822 652 1847 quani
670 1814 734 1840 sorti
750 1820 777 1841 ct
793 1816 858 1842 dura
872 1824 932 1842 cuin
950 1821 1029 1849 gente
1045 1815 1096 1841 sibi
1115 1821 1158 1840 res
1170 1817 1252 1843 esset,
1268 1817 1295 1839 et
1308 1813 1366 1845 ipsa
1379 1812 1506 1845 ancipitis
1519 1811 1612 1837 Martis
1632 1811 1771 1836 discrimi-

141 1859 174 1876 na
197 1851 287 1884 sagaci
308 1850 400 1876 animo
417 1850 474 1883 Jam
497 1854 560 1876 ante
577 1851 762 1883 prospiceret;
784 1857 839 1883 quo
851 1857 950 1884 praeter
962 1853 1082 1878 bumana
1100 1848 1200 1875 auxilia
1215 1852 1242 1873 et
1255 1848 1383 1873 mortales
1399 1849 1501 1880 copias,
1518 1847 1771 1885 etianinsanctoruin

141 1886 256 1912 baberet
282 1886 307 1911 in
332 1885 432 1910 castris
448 1885 505 1911 suis
521 1892 640 1918 praesens
654 1885 807 1917 auxitiuin;
833 1887 918 1913 voluit
932 1888 1074 1913 beatorum
1088 1891 1237 1918 inartyruin
1256 1882 1376 1916 Dionysii
1391 1887 1417 1908 et
1432 1883 1570 1920 sociorum
1585 1888 1645 1920 epis
1659 1887 1773 1914 corpora

141 1922 174 1946 ab
191 1920 326 1954 religiosis
342 1921 407 1946 viris
420 1921 446 1946 itt
460 1927 518 1946 eam
533 1920 733 1952 expeditionem
747 1920 895 1954 deportari.
913 1921 1082 1954 Fardulphus
1097 1927 1163 1953 ergo
1176 1918 1205 1944 S.
1218 1918 1338 1956 Dionysii
1354 1918 1438 1943 abbas
1452 1918 1513 1956 (t'uit
1527 1917 1570 1942 liic
1588 1916 1684 1954 ordine
1698 1919 1774 1941 octa-

141 1963 192 1982 vus
207 1956 342 1989 decimus)
360 1956 447 1981 cidem
463 1955 546 1988 regia
562 1955 697 1987 consiliis,
709 1959 736 1981 et
750 1956 856 1982 cunctis
873 1958 898 1983 iii
913 1955 1133 1991 expeditionibus
1149 1960 1241 1980 coines
1253 1953 1339 1979 tidelis
1353 1960 1383 1978 ac
1398 1953 1525 1986 providus
1534 1956 1616 1984 atque
1634 1956 1716 1990 ctiam
1733 1958 1775 1976 re-

142 1991 191 2017 bus
206 1990 266 2016 tidei
283 1997 314 2016 ac
333 1991 443 2023 pietatis
458 1990 650 2023 promovendis
665 1990 810 2016 admodum
822 1991 948 2023 idoneus,
971 1991 1108 2025 negotium
1123 1990 1173 2015 hoc
1185 1989 1315 2020 suscepit,
1330 1992 1356 2014 et
1376 1988 1420 2021 qui
1437 1988 1555 2025 vicissim
1569 1993 1655 2012 sacris
1673 1986 1773 2018 depor-

142 2027 233 2051 tandis
250 2025 371 2057 reliquiis
388 2025 584 2056 succollareiit,
601 2025 698 2051 bonam
720 2026 772 2051 vim
794 2025 957 2053 clericorum
973 2026 1100 2060 providit.
1116 2024 1160 2050 iiis
1172 2028 1321 2057 ,pugnatum
1334 2027 1375 2048 est
1393 2023 1454 2048 totis
1474 2026 1571 2048 castris
1588 2029 1594 2045 :
1613 2021 1660 2060 sed
1676 2027 1779 2046 eorum»

142 2062 229 2086 aliero
243 2061 371 2086 contlietii
389 2060 565 2090 debellatum,
577 2064 605 2086 et
618 2060 733 2086 victoria
753 2067 835 2093 penes
853 2062 980 2088 Caroluni
997 2061 1121 2095 Magnum
1138 2060 1225 2085 stetit.
1243 2057 1291 2084 ttic
1304 2063 1393 2083 autem
1410 2058 1529 2084 eoetesiis
1544 2056 1615 2096 baud
1632 2062 1774 2093 iiniiieiiioi·

142 2095 278 2125 bencfiffl,
297 2096 347 2121 ¹¹00
364 2096 451 2129 primo
473 2096 578 2121 curavit
600 2095 682 2128 (quod
698 2102 806 2128 semper
818 2104 831 2121 a
848 2096 1013 2123 Christianis
1028 2095 1135 2129 regibus
1148 2093 1298 2120 curandum
1313 2095 1364 2127 est)
1380 2097 1409 2118 iit
1421 2093 1541 2118 victoriae
1557 2090 1661 2130 linctus
1675 2096 1772 2129 praeci—

143 2139 193 2164 pue
207 2130 239 2155 ad
257 2130 302 2156 Dei
319 2130 460 2161 honorem,
480 2134 507 2155 et
521 2134 623 2155 sanctae
637 2130 698 2155 {idei
720 2135 895 2162 augmentum
913 2136 1078 2158 recurreret.
1092 2129 1185 2162 ltaque
1210 2130 1348 2154 mandavit
1364 2133 1392 2153 ut
1407 2128 1530 2153 Saxones
1545 2128 1645 2165 Christi
1659 2124 1774 2164 reiigio-

142 2174 202 2192 nem
224 2166 405 2199 institutaque
422 2165 592 2198 susciperent
610 2174 616 2190 t
634 2165 731 2190 demde
746 2167 905 2192 eorumdem
920 2166 1059 2192 Saxonum
1075 2165 1180 2198 aliquot
1196 2163 1290 2194 millia,
1312 2162 1357 2196 qui
1383 2163 1472 2188 varias
1488 2163 1513 2187 iii
1533 2169 1608 2195 regni
1623 2168 1664 2186 sui
1682 2165 1774 2199 partes

141 2201 380 2232 distribuerentur,
393 2205 420 2226 ct
436 2201 537 2226 sensim
554 2199 684 2226 Ecctesiae
700 2200 863 2226 rudimentis
877 2205 904 2226 et
916 2202 1036 2227 moribus
1053 2200 1252 2230 imbuerentur,
1265 2198 1428 2231 deportatii.
1442 2199 1500 2230 Quo
1514 2197 1584 2235 sacto
1596 2197 1637 2230 (ut
1651 2195 1720 2234 Deus
1734 2203 1774 2228 ip-

142 2244 202 2261 sum
217 2236 386 2261 honorantes
405 2235 481 2261 novis
497 2242 604 2268 semper
619 2239 700 2268 auget
712 2235 874 2265 bonoribus)
893 2236 962 2262 haud
978 2236 1061 2262 inulto
1077 2240 1168 2268 postea
1183 2234 1266 2267 ipsius
1279 2241 1361 2266 regno
1376 2233 1474 2266 adjecit
1491 2233 1633 2266 imperium
1650 2230 1774 2262 :luitque

141 2272 268 2304 deinceps
288 2271 368 2296 simul
389 2277 445 2302 rex,
465 2270 545 2296 simul
563 2270 728 2303 iinpcrator;
745 2274 774 2296 et
796 2272 919 2304 regnavit
936 2272 1046 2305 quidem
1062 2270 1181 2296 secundo
1200 2276 1289 2295 rerum
1304 2276 1396 2299 cursu,
1416 2275 1465 2294 nec
1483 2268 1634 2299 interrupta
1646 2272 1773 2304 *unquam

141 2307 308 2337 valetudine,
331 2312 417 2332 annos
440 2305 619 2338 quadraginta
646 2309 765 2337 scptein;
789 2305 931 2339 imperavit
947 2314 1010 2332 vero
1033 2305 1248 2339 quatuordecim.
1272 2302 1346 2330 Unus
1361 2304 1478 2336 denique
1494 2303 1521 2328 in
1538 2303 1611 2341 omni
1625 2305 1681 2326 vita
1700 2307 1773 2338 inor-

142 2341 202 2372 bus,
221 2348 267 2366 scu
284 2341 370 2367 febris
389 2348 455 2372 una,
473 2340 534 2366 vitae
548 2348 609 2365 cum
626 2340 732 2365 mortali
745 2341 846 2373 eripuit
859 2341 1019 2374 felicemque
1035 2346 1062 2366 et
1078 2341 1118 2366 bis
1133 2340 1301 2365 l'ortuiiatuiii
1319 2338 1463 2364 immortali
1482 2340 1618 2370 ascripSit,
1631 2342 1702 2373 :iiiito
1718 2342 1773 2373 sei-

145 2380 206 2401 iicet
222 2376 451 2410 octingentesimo
469 2375 694 2408 decimoquinto,
711 2376 744 2401 tid
759 2377 881 2407 quintam
899 2376 1033 2402 Kalendas
1049 2375 1226 2401 Februarias.
1242 2375 1299 2406 Qua
1320 2375 1363 2399 die
1376 2379 1471 2399 sancta
1489 2380 1547 2405 ejus
1562 2378 1691 2410 ineiiioria
1709 2377 1772 2402 qui-

143 2410 255 2436 busdam
277 2412 301 2436 iii
317 2411 441 2437 cci-testis
464 2412 508 2444 pie
534 2412 663 2437 recolitur
680 2415 707 2436 et
722 2410 880 2437 solemniter
892 2412 1056 2438 celebratur.
1079 2411 1147 2435 ‘l‘uiii
1163 2417 1226 2443 ergo
1250 2409 1309 2442 plus
1326 2409 1369 2433 itte
1384 2413 1410 2434 et
1426 2415 1487 2434 rere
1501 2411 1614 2445 sanctus
1625 2410 1774 2438 imperator

143 2452 249 2471 sacrum
266 2447 383 2480 Dionysii
399 2454 498 2480 corpus
514 2453 546 2471 ex
560 2446 628 2471 ttrbe
644 2449 671 2471 et
689 2447 746 2471 aede
762 2446 813 2471 sibi
828 2453 988 2480 cognomine
1003 2445 1110 2476 extulit,
1124 2449 1150 2470 et
1165 2452 1225 2470 cuin
1243 2445 1290 2470 illo
1304 2452 1355 2469 uiia
1375 2443 1506 2469 illustrem
1521 2444 1661 2480 victoriam
1678 2446 1773 2472 repor-

144 2482 220 2507 tavit.
237 2482 288 2506 δα]
305 2483 372 2507 alias
386 2489 524 2514 nunquam
538 2482 601 2515 (nisi
615 2481 675 2514 quis
688 2481 838 2507 audacibus
849 2485 958 2508 credere
974 2482 1071 2507 tabulis
1087 2480 1161 2513 velit)
1177 2480 1210 2505 ab
1229 2480 1295 2506 urbe
1313 2480 1343 2505 S.
1363 2479 1483 2512 Dionysii
1505 2477 1611 2516 longius
1627 2483 1707 2510 qnam
1720 2474 1772 2515 Pii-

146 2515 223 2541 risios
237 2524 309 2549 rrgni
329 2521 422 2549 caput,
450 2517 516 2542 tanti
539 2517 668 2550 martyris
691 2515 855 2549 principales
869 2517 990 2550 reliquia:
1008 2516 1172 2550 presserunt,
1186 2519 1214 2540 ut
1228 2517 1410 2544 remanerent,
1434 2513 1566 2545 alterique
1583 2512 1642 2538 loco
1654 2517 1773 2550 propriae

144 2555 246 2580 esseut,
261 2551 385 2583 teguntur
399 2556 558 2585 exportatae.
577 2551 678 2577 Harum
693 2558 773 2582 porro
789 2552 966 2586 reliquiarum
983 2557 1078 2582 virtus,
1097 2558 1148 2576 nou
1163 2554 1266 2576 tantuin
1283 2555 1329 2575 aut
1345 2550 1370 2575 iii
1386 2549 1488 2574 morbis
1499 2548 1655 2578 sanitatem,
1672 2551 1717 2572 aut
1729 2552 1773 2586 'vi-

145 2587 258 2610 ctoriani
272 2594 296 2610 iii
313 2586 423 2618 piurliis,
437 2588 482 2612 scd
499 2587 696 2613 incrementum
712 2593 820 2619 quoque
832 2595 859 2613 et
871 2588 1081 2621 prosperitatem
1102 2585 1191 2619 regnis
1203 2591 1230 2611 et
1242 2584 1361 2617 imperiis
1380 2584 1545 2616 importavit.
1560 2583 1636 2615 Quod
1654 2582 1771 2623 llenriqo

144 2621 200 2653 regi
220 2621 345 2646 saxonia:
359 2621 444 2647 tjaroli
460 2622 597 2654 Simplicis
610 2621 777 2647 Francorum
802 2623 873 2655 rogis
895 2622 997 2655 legatus
1018 2621 1088 2647 baud
1107 2622 1221 2647 obscure
1243 2619 1381 2646 indicavit.
1398 2618 1464 2644 Nam
1486 2627 1547 2645 cum
1566 2621 1589 2644 ei
1609 2625 1718 2644 inanum
1739 2618 1770 2642 b.

146 2655 265 2689 Dionysii
283 2657 337 2688 (58)
357 2662 421 2680 auro
443 2657 610 2690 gemmisque
632 2657 775 2687 inclusam,
795 2657 855 2683 tidei
877 2662 904 2683 et
921 2657 1048 2683 amicitiae
1070 2661 1168 2682 testem
1183 2656 1272 2681 (iaroti
1294 2655 1402 2680 nomine
1419 2653 1541 2685 oll'erret,
1569 2654 1612 2681 bis
1629 2660 1693 2679 usus
1710 2658 1771 2679 esse

147 2693 235 2716 rvi-ius
254 2694 418 2716 memoratur
435 2692 490 2725 (59)
506 2700 512 2716 ;
532 2701 540 2717 ι
559 2693 612 2718 lloc
629 2693 726 2718 habeto
743 2700 837 2725 pignus
850 2692 962 2718 soedei‘is
980 2693 1114 2725 perpetui,
1127 2696 1153 2716 et
1166 2691 1266 2717 amoris
1284 2690 1389 2716 vicarii.
1407 2689 1482 2715 klaiic
1493 2694 1599 2724 partem
1615 2688 1686 2716 uii'tci
1699 2688 1772 2714 sola-

148 2729 176 2750 tii
195 2726 362 2751 Francorum
378 2725 494 2751 Galliam
513 2727 724 2753 inhabitantium
742 2730 897 2760 (postquam
910 2735 957 2754 eos
971 2727 1092 2752 deseruit
1111 2726 1224 2759 insignis
1237 2730 1342 2759 martyr
1359 2726 1434 2751 Vitus
1446 2731 1473 2751 et
1487 2725 1520 2751 ad
1540 2729 1658 2751 nostram
1676 2722 1771 2756 perni-

149 2761 217 2787 ciem
246 2765 419 2795 vesti-amque
440 2767 596 2796 perpetuam
612 2770 718 2796 paceni.
736 2764 882 2793 saxoniam
898 2762 1030 2795 visitavit)
1047 2767 1249 2788 communicare
1266 2766 1353 2787 tecum
1375 2761 1482 2787 maluit.
1501 2759 1593 2794 Neque
1607 2766 1680 2786 emin
1697 2762 1772 2792 post-

189 2824 199 2835 '
218 2821 299 2847 Eccli.
319 2829 394 2855 xxxi,
410 2823 435 2847 G.
