1860 2961
181 100 228 125 ΤΠ
769 102 795 129 S.
822 102 966 129 tiloNYStt
985 102 1211 131 AREOPAGiTAE
1740 109 1788 135 '149

177 168 248 185 uniit·
263 161 294 185 :id
310 168 416 186 savium
431 161 611 199 apostolorum
631 164 742 199 tartum,
755 161 800 193 qui
817 160 992 194 jerosolymis
1010 161 1117 188 habitus
1137 168 1187 193 est,
1201 167 1227 189 et
1238 163 1281 189 ciii
1298 162 1428 189 interesse
1445 162 1563 198 Dionysii
1581 166 1716 194 excellens
1734 168 1781 194 vii·-

177 202 219 221 tus
236 197 344 225 meruit.
359 196 511 229 pra-cupida
527 196 634 221 l'cstiiiat
649 199 745 221 oratio.

894 241 1008 267 CAPUT
1027 242 1068 268 Vl.

178 299 318 333 Dionysius
336 298 493 325 beatissima:
509 299 620 332 l'i'rqinis
638 306 773 333 conspectu
795 301 820 326 i'n
839 301 913 326 terris
932 300 1039 340 [ruitur.
1059 306 1081 326 et
1100 308 1219 333 suprema
1236 299 1379 326 excedentis
1393 299 1563 328 benedictione
1575 302 1600 328 in
1612 303 1788 336 apostolorum

883 340 948 360 cirin
968 340 1075 368 politur.

211 404 265 437 (ὓῖ)
284 403 343 429 lltec·
357 407 397 428 est
413 403 459 429 Dei
475 408 529 436 opt.
544 412 614 430 max.
627 412 689 437 erga
705 412 796 430 servos
809 412 872 429 snos
889 403 1036 437 pi·;esei-tiiii
1055 403 1103 429 lide
1126 403 1260 433 sinceros,
1279 408 1304 429 et
1330 403 1461 429 charitate
1479 403 1621 435 lerventes,
1635 404 1789 438 benignitas

176 448 206 465 ac
223 439 417 467 niunilicentia,
436 443 462 464 iit
479 446 530 464 non
550 439 627 464 inodo
644 440 695 464 vita
714 439 869 472 perfunctos
885 439 957 464 omui
975 438 1071 472 gaudio
1088 439 1114 464 in
1129 439 1237 464 aderitis
1254 438 1393 464 beatorum
1410 438 1554 465 domiciliis
1569 439 1721 472 perfundat,
1739 439 1785 467 sed

174 482 268 500 eorum
293 481 400 507 quoque
426 473 451 499 in
475 474 556 499 terris
583 474 759 507 superstitum
786 479 926 507 susceptos
952 474 1071 504 labores,
1089 478 1134 499 aut
1149 473 1321 499 advenientes
1344 473 1512 499 extrinsecus
1535 474 1682 504 molestias,
1702 476 1786 502 multa

176 509 311 535 interilum
330 508 515 534 consolationi¹
531 512 701 542 attemperet.
717 508 753 534 lta
769 517 828 534 eum
846 509 939 535 multis
955 513 1121 537 sanctorum.
1136 508 1172 533 ita
1185 516 1246 533 cuni
1265 507 1392 542 Dionysio
1405 508 1563 542 Armpagita
1581 509 1655 535 illuin
1677 509 1786 541 secisse,

175 544 345 570 manifestum
362 547 412 569 est.
427 543 502 571 Nam,
519 551 578 568 cuni
595 543 730 577 despectis
752 544 842 570 mundi
867 544 1024 573 honoribus,
1045 548 1070 568 et
1092 543 1220 569 derelicto
1243 543 1409 569 celeberrimi
1429 543 1501 570 illius
1516 543 1645 577 Areopagi
1667 544 1784 579 fastigio,

174 579 303 604 humilem
323 579 387 613 legis
403 578 563 605 Christiana*
583 579 740 604 modestiam
757 585 787 604 ac
805 579 1012 605 submissionem
1027 579 1120 604 voleus
1138 578 1232 604 lubens
1248 578 1385 611 amplexus
1403 583 1482 607 esset,
1502 586 1532 604 ae
1549 579 1628 605 modo
1644 579 1694 605 sub
1709 579 1784 606 Pauli

174 614 318 647 disciplina
341 614 401 647 (rui
418 617 490 639 totus
512 618 537 638 rt
551 613 651 642 anima,
673 617 699 639 et
717 618 815 643 mente,
838 618 861 639 et
879 614 970 644 corde,
995 617 1023 638 ut
1054 613 1159 647 Syiigeli
1184 619 1243 639 utar
1269 614 1357 639 verbis
1379 612 1493 647 (68439),
1514 617 1571 639 erat
1591 614 1785 649 agglutinatus)

174 650 337 678 ‹lortrinain.
355 648 532 682 spii-iiiiinqiw
545 649 721 681 apostolicum
737 648 922 679 conibibisset,
940 649 993 674 imo
1013 654 1036 674 et
1053 649 1224 674 commissam
1248 648 1297 674 sibi
1309 647 1498 674 Atheniensem
1514 648 1660 675 Ecclesiam
1676 649 1787 682 optimis

175 685 279 717 legibus
295 690 374 716 atque
396 683 537 713 institutis,
555 690 607 708 non
623 683 681 709 sine
698 683 789 709 multis
810 684 966 717 magnisque
988 683 1136 711 laboribus.
1153 683 1284 709 divinitus
1298 683 1459 713 ordinasset.
1478 683 1529 709 hoc
1548 684 1605 718 ipse
1620 688 1717 717 praeter
1732 685 1785 711 alia

175 720 244 745 inu-i·
268 717 370 744 medios
395 718 506 743 sudores
528 721 553 743 et
575 726 708 744 serumnas
731 719 849 752 percepit
873 719 998 745 maxima:
1018 725 1048 743 ae
1071 718 1257 752 liquidissime
1280 718 1423 752 voluptatis
1448 718 1535 744 nobile
1554 719 1691 749 solatium,
1712 719 1787 753 quod

176 754 292 787 plurium
306 753 385 779 simul
403 754 586 786 apostolorum
600 754 655 786 (qui
673 753 780 786 quidem
797 761 827 779 ea
847 757 1004 787 tempestate
1021 754 1102 778 vitani
1119 754 1188 779 inter
1204 754 1329 779 mortales
1346 753 1493 787 agitabant)
1509 761 1556 787 per
1573 754 1665 780 orbem
1683 755 1784 789 alioqui

174 790 254 822 patilo
270 792 331 813 ante
344 788 537 821 dispersorum.
554 789 710 821 gratissimo
726 792 873 821 conspeetu
889 793 968 822 atqui·
980 796 1139 819 congressu,
1157 788 1203 814 sed
1221 789 1352 822 pnmripue
1367 788 1529 814 beatissimae
1538 788 1655 823 Virginis
1667 788 1788 823 Deiparae

175 823 378 857 incomparabili
394 823 536 857 praeseutia
554 824 579 848 in
592 823 642 848 hoe
660 823 765 849 mortali
778 830 890 857 corpore
902 824 1028 858 dignatus
1043 824 1087 849 sit.
1105 823 1205 857 Nempe
1221 823 1253 848 ad
1267 831 1325 849 eain
1338 824 1412 849 brevi
1428 826 1487 857 post
1502 832 1516 850 e
1528 824 1581 850 vita
1598 824 1784 858 migraturam.

174 863 228 884 tani
246 859 302 892 ipso
315 866 394 892 quam
409 858 568 884 llierotheus
583 862 608 884 et
622 858 788 887 Timotheus.
804 859 934 892 multique
949 859 994 884 alii
1005 859 1110 893 egregia
1123 859 1182 884 vitai
1198 859 1374 884 sanctimonia
1389 863 1547 892 praestantes
1559 858 1624 893 (70),
1636 859 1786 886 incredibili

174 902 258 920 sacraae
273 894 344 920 illins
362 898 442 927 atque
458 893 582 919 animatae
597 893 673 919 Arca:
689 894 843 920 testamenti
858 894 974 920 visenda·
989 901 1020 919 ac
1036 895 1199 919 lionoraiidze
1222 893 1311 920 studio
1327 897 1512 920 convenerunt
1529 902 1534 918 t
1552 894 1606 920 imo
1620 898 1646 919 et
1670 895 1785 927 apostoli

173 937 222 963 pei·
245 928 350 955 diversa
377 933 511 955 terrai-um
538 929 653 954 antehac.
678 929 778 960 divisi,
801 929 855 961 jani
881 933 938 955 tum
960 929 1052 955 divino
1074 933 1151 959 nutu,
1177 929 1232 955 sive
1259 929 1292 955 ab
1317 929 1429 962 angelis,
1455 933 1483 954 ut
1508 929 1643 962 quondam
1660 928 1785 956 Habacuc

174 963 302 998 propheta
316 964 338 995 k,
361 968 407 989 aut
422 963 561 997 Philippus
585 964 717 990 diaconus
735 963 755 993 ¹,
772 964 839 997 rapti
855 964 920 997 (71).
938 964 994 990 sive
1016 965 1119 991 levibus
1140 964 1254 994 nebulis,
1278 964 1349 998 quod
1367 964 1475 997 quidam
1493 964 1616 990 arbitrati
1641 968 1704 990 sunt
1718 965 1784 998 (72),

173 1008 221 1034 pei*
239 999 353 1025 sublime
369 999 449 1028 vecti,
465 999 521 1025 sive
536 999 627 1029 etiam,
645 1000 716 1033 qnod
735 1000 810 1025 multi
833 998 932 1025 sactum
950 999 1060 1025 eredunt
1078 1000 1143 1033 (75),
1157 999 1188 1025 de
1204 1004 1345 1032 appetente
1364 1000 1422 1032 ejus
1443 1007 1554 1026 excessu
1571 1000 1708 1033 aliquanto
1724 1005 1789 1027 ante

173 1034 305 1060 dix-initus
325 1034 474 1067 praemoniti
498 1034 635 1068 (voluntas
653 1035 724 1060 enini
746 1038 805 1060 erat
827 1035 945 1068 supremi
961 1033 1051 1068 Regis.
1074 1035 1206 1060 bonorare
1227 1034 1350 1064 Matrem,
1372 1039 1397 1060 et
1416 1034 1570 1067 sepulcrum
1593 1034 1651 1068 ejus
1673 1034 1786 1061 reddere

173 1070 333 1104 gloriosum)
364 1069 397 1094 ad
426 1069 498 1094 illius
527 1069 599 1095 brevi
628 1069 800 1103 endgraturat
826 1070 975 1104 virgineum
1008 1069 1171 1100 thalamum,
1198 1069 1269 1095 velut
1296 1070 1420 1095 condicta
1448 1069 1502 1099 die,
1534 1069 1613 1096 simul
1643 1070 1785 1096 unanimes

173 1108 393 1138 comparuerunt.
430 1104 492 1129 Erat
514 1107 569 1129 tum
592 1103 673 1137 Virgo
697 1108 774 1131 zetate
799 1104 944 1130 admodum
972 1109 1097 1138 provecta
1123 1105 1225 1135 (annos
1253 1104 1356 1131 scilicet
1383 1104 1492 1130 circiter
1520 1104 1689 1138 septuaginta
1717 1105 1786 1132 duos

173 1145 235 1166 nata
249 1139 316 1174 [74])
333 1143 358 1165 ct
380 1139 460 1172 liujus
484 1139 663 1172 producentim
681 1140 751 1170 vitae,
770 1144 830 1173 post
852 1140 930 1166 iidem
952 1139 979 1165 in
991 1140 1087 1165 Filium
1102 1140 1192 1167 Jesum
1209 1140 1346 1166 Christum
1374 1140 1453 1174 louge
1475 1140 1580 1173 lateque
1595 1144 1782 1173 propagatam,

174 1176 260 1201 minoi·
275 1176 297 1201 ci
315 1175 369 1208 jain
385 1179 487 1200 restare
503 1174 572 1199 ratio
589 1174 739 1204 videbatur,
755 1182 834 1209 quam
853 1175 926 1201 illius
944 1174 976 1200 ad
992 1175 1128 1201 ‹mlestem
1148 1176 1221 1201 illam
1245 1175 1445 1207 perfruendam,
1463 1178 1489 1201 et
1503 1175 1671 1201 revisendum
1690 1174 1785 1200 Filium

174 1210 297 1236 lubenter
318 1209 469 1243 cupideque
488 1209 665 1235 dimittendtc.
693 1210 777 1244 igitur
799 1209 925 1237 ardentes
947 1209 979 1235 ad
995 1211 1092 1236 cceliim
1116 1218 1220 1244 preces,
1238 1209 1318 1244 444
1343 1218 1395 1243 quo
1416 1218 1487 1235 nunc
1509 1210 1597 1236 anima
1612 1209 1788 1236 veliementer

172 1245 326 1274 anhelabat,
339 1252 393 1271 non
410 1244 503 1275 semel,
521 1244 567 1270 sed
589 1245 687 1279 saepius
703 1249 849 1278 sparserat.
867 1250 895 1271 ut
915 1245 936 1271 si
951 1245 1059 1278 quitlciii
1076 1244 1129 1271 lieo
1146 1246 1183 1271 ita
1201 1246 1348 1271 collibitum
1366 1245 1444 1275 l'oret,
1465 1245 1540 1271 abire
1558 1252 1665 1271 sursum
1686 1244 1718 1271 dc
1735 1245 1786 1270 hac

172 1281 290 1306 statione
316 1280 348 1305 ad
372 1283 550 1314 praeparatum
572 1280 622 1306 sibi
639 1280 806 1306 domicilium
832 1280 941 1311 liceret;
958 1281 1068 1315 jamque
1085 1281 1166 1306 etiam
1193 1280 1314 1306 divinum
1341 1287 1512 1314 responsum,
1540 1284 1566 1306 et
1591 1279 1783 1313 proliciscendi

172 1320 279 1349 tenipus
297 1323 328 1341 ex
347 1315 430 1341 animi
449 1314 582 1340 sententia
608 1319 768 1349 acceperat,
794 1323 854 1341 cuni
883 1315 1013 1341 fidissimo
1041 1322 1091 1341 suo
1115 1314 1230 1346 Joanni,
1255 1319 1384 1349 tanquam
1409 1316 1454 1341 uni
1477 1315 1597 1341 oninium
1620 1320 1785 1341 secretorum

173 1351 298 1384 participi
329 1354 355 1376 et
378 1353 550 1378 cunctorum.
573 1358 633 1383 quae
651 1351 683 1376 ad
700 1350 771 1384 justa
796 1350 847 1377 sibi
865 1350 988 1376 facienda
1012 1354 1177 1385 spectarent,
1196 1351 1352 1377 necessario
1376 1350 1505 1380 curatori,
1524 1350 1638 1384 aperuit.
1670 1349 1694 1376 ls
1710 1357 1785 1382 vero,

172 1385 401 1419 quemadmodum
426 1385 492 1411 velle
511 1384 647 1418 Virginem
673 1389 785 1411 matrem
811 1390 985 1420 cognoverat,
1013 1386 1095 1412 sociis
1120 1386 1260 1419 apostolis,
1281 1386 1395 1419 aliisque
1411 1385 1516 1411 Domini
1540 1385 1692 1419 discipulis.
1709 1390 1735 1412 et
1751 1385 1787 1411 iis

172 1429 288 1454 quoi-iiiii
306 1425 368 1446 vota
386 1427 466 1454 super
481 1420 531 1446 hac
548 1428 575 1445 re
589 1420 659 1446 Deus
676 1420 843 1451 exaudierat,
862 1425 908 1447 aut
921 1421 1003 1447 verbo
1023 1424 1069 1447 aut
1088 1422 1190 1454 scripto
1208 1426 1313 1447 mature
1328 1425 1356 1447 ut
1374 1420 1583 1454 significaretur,
1601 1420 1728 1454 providit.
1745 1419 1784 1446 lta

174 1456 363 1490 undet-nuque,
383 1459 408 1482 et
429 1455 463 1481 ab
481 1455 513 1481 iis
528 1455 572 1488 qui
590 1455 684 1489 procul
699 1456 847 1485 distabant,
862 1455 1057 1490 ,lerosolymam
1079 1460 1120 1481 est
1141 1460 1366 1490 appi-operatum,
1391 1460 1416 1482 ct
1443 1455 1477 1482 ab
1499 1457 1625 1482 omnibus
1642 1456 1687 1490 qui
1703 1462 1787 1490 prope

175 1492 299 1521 :il-eraut,
326 1490 359 1516 ad
377 1494 496 1516 montem
514 1490 588 1516 illuni
620 1489 697 1521 Sion,
732 1491 776 1516 ulii
811 1495 868 1517 erat
896 1490 1000 1525 Virgini
1021 1495 1047 1517 et
1069 1490 1165 1517 Joaiini
1191 1499 1334 1518 commune
1358 1491 1541 1522 domicilium,
1567 1491 1669 1525 ingenti
1695 1491 1787 1517 studio

173 1534 337 1551 coneursum
350 1529 400 1552 est.
424 1525 494 1552 Deus
511 1525 596 1551 bone!
616 1533 675 1559 quae
691 1530 747 1551 tuni
766 1526 819 1551 illic
835 1525 984 1551 amicorum
1005 1526 1075 1551 inter
1091 1534 1149 1552 sese
1161 1531 1222 1560 post
1241 1526 1386 1560 longinqua
1406 1530 1537 1559 tempora,
1554 1530 1580 1552 et
1594 1533 1674 1560 quani
1688 1533 1787 1552 suaves

173 1570 203 1587 ac
218 1561 345 1593 jucundat¹
362 1560 522 1589 revisiones,
540 1561 748 1594 recognitiones,
771 1561 1020 1587 consalutatioiies!
1039 1568 1119 1594 quam
1144 1561 1230 1587 stricti
1253 1561 1402 1595 amplexus,
1417 1565 1443 1588 et
1460 1568 1540 1594 quain
1561 1565 1655 1587 sancta
1675 1561 1784 1587 oscula!

174 1604 235 1621 runi
253 1600 275 1621 ct
292 1595 416 1629 discipuli
433 1600 459 1621 et
474 1595 598 1629 apostoli,
615 1600 641 1621 et
657 1600 833 1629 utrorumque
850 1595 986 1622 auditores
1002 1600 1027 1621 et
1043 1599 1201 1627 sectatores,
1217 1599 1242 1622 et
1258 1597 1347 1622 cuncti
1365 1597 1479 1622 invicem
1496 1597 1563 1621 mira
1579 1603 1640 1622 cuni
1651 1596 1787 1629 voluptate

173 1631 416 1664 congrederentur,
444 1634 569 1661 totosque
594 1634 619 1655 et
642 1637 706 1661 ore,
738 1635 764 1656 ct
781 1631 881 1662 oculis,
900 1634 925 1656 ct
951 1631 1064 1661 osculis,
1090 1634 1184 1657 sancto
1211 1631 1284 1664 ipsos
1309 1632 1512 1664 conglutinante
1534 1630 1654 1665 Spiritu,
1680 1638 1787 1657 amores

173 1667 351 1692 ctl'iiiidcrent.
371 1665 441 1692 Bene
467 1666 588 1699 prolecto
609 1665 665 1691 hcee
689 1665 714 1691 iii
735 1670 826 1692 monte
848 1665 922 1697 Sion,
944 1670 1035 1691 monte
1059 1670 1163 1696 sancto,
1188 1671 1279 1692 monte
1294 1667 1418 1697 aiiiabili;
1438 1670 1538 1696 moute,
1562 1666 1588 1691 in
1607 1672 1660 1699 quo
1676 1672 1726 1692 nec
1741 1673 1787 1692 ros

174 1709 292 1736 unquam
316 1701 469 1730 iiielliliiius,
492 1708 541 1726 ner.
571 1705 721 1734 opportuna
743 1701 888 1734 aliquando
910 1701 1078 1727 desideretur
1093 1701 1198 1735 pluvia;
1217 1706 1307 1727 monte
1326 1702 1419 1735 inquo
1440 1702 1521 1727 toties
1539 1700 1705 1727 sacrosancti
1721 1699 1785 1727 Jesu

175 1737 376 1762 iizainliiilarunt
396 1736 494 1769 pedes.
519 1736 613 1769 inquo
632 1734 749 1769 Spiritus
771 1740 881 1762 sauctus
904 1736 1151 1762 abundantissimas
1173 1735 1304 1762 donorum
1329 1744 1440 1762 suorum
1457 1736 1590 1770 primitias
1611 1737 1637 1762 in
1655 1742 1787 1770 generosa

173 1772 343 1798 dilectissimi
364 1776 450 1797 coetus
467 1771 549 1796 corda
571 1771 676 1796 diffudit
693 1778 698 1795 :
717 1771 742 1796 in
759 1778 812 1804 quo
834 1771 915 1797 toties
934 1774 960 1797 et
978 1771 1064 1805 angeli
1083 1774 1109 1797 et
1125 1771 1280 1805 angelorum
1303 1771 1495 1804 hominumque
1511 1770 1612 1805 Regina
1633 1770 1786 1798 conversati

173 1811 237 1833 suut
263 1814 268 1831 :
297 1807 323 1832 in
344 1814 397 1840 quo
419 1813 491 1832 nunc
506 1813 613 1839 quoque
639 1805 774 1839 prreeipua
809 1806 893 1832 totius
928 1806 1080 1832 sanctitatis
1111 1806 1246 1832 columina
1279 1807 1458 1833 sanctissiiiize
1487 1807 1590 1840 parenti
1624 1814 1678 1833 suae
1704 1812 1786 1839 quam

173 1841 379 1873 religiosissime
400 1841 566 1875 parentatui·i
591 1845 799 1868 concurrerunt.
821 1840 1069 1870 Verunieninivero,
1092 1842 1113 1867 si
1131 1841 1163 1867 de
1179 1845 1268 1867 monte
1286 1842 1350 1867 Sion
1369 1842 1447 1872 talia,
1465 1842 1529 1875 quid
1547 1841 1579 1867 de
1597 1841 1654 1875 ipso
1668 1840 1787 1874 Virginis

175 1877 330 1903 habitaculo
347 1880 373 1903 et
396 1876 526 1907 thalamo,
550 1876 601 1902 hoc
618 1880 670 1906 est,
691 1876 724 1902 de
747 1876 883 1910 praecipua
907 1876 1007 1902 montis
1025 1876 1097 1902 illius
1116 1876 1201 1910 gloria
1218 1876 1295 1909 (nibil
1311 1877 1382 1902 enini
1400 1884 1477 1903 mons
1494 1877 1537 1903 ille
1553 1884 1669 1910 unquam
1693 1875 1787 1902 habuit

173 1920 261 1944 neque
288 1911 427 1943 sanctius,
447 1917 534 1945 neque
551 1911 703 1946 augustius,
729 1919 807 1945 quam
830 1911 901 1937 istud
920 1911 1025 1945 ipsum,
1050 1913 1119 1945 quod
1144 1911 1189 1937 Dei
1211 1911 1297 1942 Filio,
1323 1916 1347 1937 et
1372 1911 1416 1938 Dei
1441 1911 1517 1937 Matri
1545 1911 1742 1945 frequentatum
1761 1913 1787 1936 et

174 1947 354 1972 inhabitatum
371 1950 413 1973 est
438 1946 719 1980 ‹loiiiiciliiini):qiiid
748 1947 780 1972 de
807 1946 872 1977 illo,
898 1947 1018 1980 inquam,
1048 1946 1204 1972 be'atissinio
1230 1947 1365 1973 domicilio
1392 1947 1443 1973 dici
1463 1951 1509 1972 aut
1536 1947 1647 1979 cogitari
1676 1946 1787 1980 dignuin

175 1984 278 2015 pou-st?
301 1989 360 2015 quae
384 1982 419 2008 ibi
442 1981 551 2007 suerunt
574 1981 786 2015 religiosissima}
812 1981 920 2015 pietatis
946 1981 1048 2007 studia!
1072 1989 1131 2015 quae
1153 1982 1357 2015 omnigenarum
1373 1982 1502 2008 virtutum
1521 1989 1533 2007 a
1551 1981 1635 2008 Matre
1649 1980 1787 2014 sapientiae

175 2018 374 2050 sapientissima
402 2017 554 2043 exercitia!
583 2024 664 2050 quam
691 2016 800 2043 fervidae
825 2017 879 2042 illic
902 2017 1088 2050 precationes!
1115 2024 1195 2050 quam
1220 2016 1360 2050 protunda}
1384 2017 1591 2043 meditationes!
1619 2024 1699 2050 quani
1728 2015 1788 2041 aitae

175 2052 432 2086 contemplationes!
459 2052 505 2085 qui
531 2056 624 2085 raptus
650 2052 750 2077 animi!
774 2051 819 2085 qui
850 2058 977 2078 excessus
1005 2052 1118 2077 mentis!
1142 2051 1231 2084 qualia
1253 2059 1285 2078 ex
1309 2051 1362 2078 illis
1385 2052 1567 2085 penetralibus
1590 2052 1622 2077 ad
1649 2050 1787 2084 apostolos

174 2087 349 2113 documenta!
369 2086 458 2119 qualia
483 2086 514 2112 ad
539 2094 633 2113 omnes
655 2094 815 2113 emanavere
837 2087 961 2118 consilia,
988 2087 1097 2116 auxilia,
1123 2086 1229 2115 solatia,
1256 2091 1281 2112 et
1305 2094 1359 2112 uno
1374 2087 1465 2117 verbe,
1489 2087 1577 2112 omnis
1594 2087 1700 2121 generis
1715 2085 1786 2110 «lona

174 2123 292 2155 perlecta
311 2126 336 2147 et
349 2122 409 2147 data
422 2122 522 2155 optima
535 2122 540 2146 l
560 2120 618 2147 Hne
633 2129 696 2155 ergo
709 2124 734 2147 in
748 2121 826 2147 istam
845 2121 976 2147 bonorum
991 2122 1109 2146 oninium
1122 2121 1316 2147 indeficientem
1329 2121 1498 2155 apothecam,
1518 2129 1571 2147 una
1583 2129 1643 2147 cuin
1658 2118 1788 2155 apostolis

174 2162 199 2182 vt
219 2157 403 2190 apostolorum
428 2156 538 2190 paribus
564 2161 656 2183 noster
675 2156 717 2182 liic
738 2156 841 2189 ingredi
878 2157 974 2182 meruit
989 2156 1151 2190 Dionysius;
1178 2164 1227 2182 nec
1242 2157 1292 2182 lioc
1311 2160 1425 2187 tantum,
1455 2156 1501 2183 sed
1522 2160 1548 2183 ct
1561 2155 1670 2190 Regin-,e
1701 2154 1785 2184 ipsius

173 2193 292 2218 thalamo
301 2191 654 2226 appropinquare.etipsam
668 2191 1101 2224 reginamviventemetvideiitem
1113 2191 1235 2218 cominus
1249 2192 1357 2222 intueri,
1371 2192 1434 2217 etin
1444 2191 1535 2217 divino
1546 2191 1619 2218 vultu
1631 2189 1786 2225 affligentes

174 2228 324 2253 etrlcstitltii
341 2226 488 2260 gratiarum
507 2226 649 2252 thesauros
664 2226 852 2259 contemplari,
868 2230 894 2251 et
908 2227 988 2252 verba
1002 2234 1035 2252 ex
1049 2234 1095 2252 ore
1112 2227 1157 2253 illo
1173 2227 1329 2260 purissimo,
1346 2227 1424 2253 melle
1439 2226 1518 2252 simul
1536 2230 1560 2251 et
1576 2227 1636 2247 1'21V0
1651 2221 1784 2251 d1¹lC¹0P³2

176 2263 235 2296 plus
254 2262 336 2287 nimio
360 2262 483 2287 felicibus
506 2268 537 2287 ac
559 2261 705 2287 fortunatis
726 2262 836 2287 auribus
854 2261 987 2295 excipere.
1009 2265 1035 2287 et
1057 2261 1159 2288 intimis
1177 2262 1258 2287 animi
1285 2261 1409 2288 medullis
1432 2261 1555 2287 cendere.
1572 2256 1592 2282 0
1606 2255 1747 2296 voluptas!
1768 2262 1785 2282 ⁰

175 2297 292 2323 tlt-liciat!
309 2296 394 2328 Quam
410 2297 463 2322 cito
477 2296 536 2327 tibi,
552 2304 568 2322 o
582 2301 622 2322 tei·
634 2296 709 2322 beate
722 2295 843 2330 Dionysi,
859 2304 939 2330 quam
957 2296 1020 2326 cito,
1033 2300 1058 2322 et
1073 2304 1153 2329 quani
1170 2300 1347 2330 properanter
1361 2297 1387 2320 iii
1403 2294 1494 2319 talium
1513 2294 1610 2318 liaustu
1626 2291 1783 2330 deliciarum

174 2336 213 2357 tot
229 2332 358 2358 exantlati
375 2332 489 2357 antehac
510 2331 558 2357 abs
576 2335 601 2358 tc
621 2332 737 2360 labores,
756 2336 782 2357 et
806 2335 844 2357 tot
865 2338 991 2364 perpessu
1014 2339 1109 2364 graves
1128 2340 1254 2357 aerumnae
1276 2330 1336 2356 sorti
1358 2329 1446 2354 animo
1464 2327 1593 2358 tolerat-te,
1612 2326 1786 2365 lunii-instar

174 2371 354 2398 evanuerunt,
376 2374 406 2392 ac
429 2366 494 2392 nihil
516 2373 575 2392 csse
597 2374 645 2392 uec
667 2366 750 2392 luisse
771 2367 900 2392 convicta:
921 2367 997 2392 sunt!
1019 2366 1062 2391 Sic
1083 2367 1145 2392 olim
1165 2366 1266 2392 Jacobo
1288 2363 1449 2399 patriarchae,
1472 2365 1574 2395 septem
1599 2369 1662 2387 anni
1687 2364 1785 2400 intvita

175 2407 273 2435 agresti
295 2408 320 2428 ct
343 2402 483 2435 pastoritia
501 2401 567 2427 dure
584 2401 683 2430 exacti,
699 2409 759 2426 cuni
779 2409 860 2434 super
885 2409 980 2435 pecore
998 2401 1112 2435 vigilans
1136 2405 1161 2427 et
1174 2405 1240 2427 testu
1266 2403 1390 2426 ureretur
1407 2403 1433 2424 et
1449 2397 1519 2431 gelu·
1543 2400 1632 2422 lssfflfln
1656 2402 1785 2435 SPGCWSJB

175 2436 302 2463 Rasin-lis
318 2445 372 2463 sua:
387 2440 521 2470 respectu,
537 2435 689 2462 videbantur
702 2439 741 2469 (ut
756 2435 793 2462 ait
806 2436 945 2469 Scriptura
958 2436 987 2470 ¹¹¹)
1000 2437 1075 2470 pauci
1089 2436 1142 2461 {lies
1161 2444 1215 2470 prae
1227 2435 1323 2462 timoris
1339 2432 1525 2472 maqiiitiidine5
1544 2430 1640 2457 Verum
1657 2430 1784 2469 Dionysio

175 2472 285 2497 totid-*iii
304 2472 358 2497 sero
373 2472 436 2498 anni
455 2471 480 2496 in
498 2471 711 2497 laboriosissimo
722 2471 895 2504 episcopatus
911 2479 991 2497 onere
1005 2472 1145 2501 transacti,
1159 2475 1302 2505 conspecta
1316 2468 1434 2502 Virginis
1447 2472 1540 2493 matris
1555 2466 1632 2505 plena
1647 2466 1785 2492 modestiae

176 2508 327 2538 niuji-stato,
346 2515 398 2532 uon
415 2507 494 2532 inodo
509 2506 587 2540 pauci
602 2507 659 2533 dics
676 2506 836 2532 vidi-bantur
848 2514 901 2539 prie
915 2507 1015 2532 amoris
1031 2511 1056 2532 ct
1071 2506 1258 2532 admirationis
1271 2503 1465 2538 magnitudine,
1484 2501 1529 2527 sed
1547 2501 1625 2527 nulli.
1641 2500 1708 2527 Cum
1720 2507 1785 2539 yero

175 2546 200 2567 ei
215 2542 401 2567 :idlioi-taiitein
425 2541 510 2575 ipsam
530 2542 561 2567 :id
583 2546 723 2574 susceptos
748 2541 773 2566 in
790 2539 849 2566 Filii
870 2541 911 2567 sui
926 2541 1003 2567 vinea
1028 2541 1134 2567 labores
1152 2544 1308 2567 constanter
1330 2539 1356 2564 in
1373 2538 1451 2563 linem
1476 2536 1652 2575 perferendos
1671 2534 1783 2564 audivit,

175 2581 200 2601 et
217 2579 353 2610 proposita
368 2576 539 2602 vincentibus
559 2576 763 2601 multiformium
781 2583 942 2601 coronarum
956 2577 1063 2610 przcniia
1081 2576 1210 2608 singulari
1225 2574 1343 2601 coelestis
1360 2573 1415 2599 oris
1430 2576 1515 2611 gratta
1533 2573 1784 2611 praemonstrantem

176 2612 300 2640 atu-iiiiii,
316 2619 377 2636 runi
392 2619 455 2637 vero
474 2615 499 2636 vt
517 2611 668 2637 incredibili
689 2618 780 2636 :imore
795 2611 905 2641 exarsit,
918 2615 943 2636 ct
960 2611 1002 2636 vix
1019 2619 1049 2637 ac
1065 2619 1098 2637 ne
1113 2611 1155 2636 vix
1171 2611 1278 2644 quidem
1304 2608 1373 2642 apud
1397 2616 1426 2633 sc
1444 2608 1501 2632 l'uit.
1528 2606 1646 2645 Denique
1665 2609 1782 2645 extrema

176 2646 351 2672 vah-dicentis
366 2650 392 2671 et
410 2646 534 2671 omnibns
549 2646 615 2672 benc
629 2646 764 2680 precantis
779 2645 870 2677 vei-ha,
897 2646 1033 2671 submisso
1054 2650 1185 2679 quantum
1208 2644 1294 2679 potuit
1309 2647 1334 2669 et
1349 2650 1460 2676 corpore
1482 2646 1508 2668 et
1524 2649 1623 2672 animo,
1642 2643 1783 2679 ιηιεμεψῐῇ

177 2681 266 2714 gaudii
289 2684 315 2706 et
331 2681 455 2705 nimi-oris
471 2680 610 2706 all'ectibus
628 2681 743 2713 cxi-epit,
761 2685 786 2706 et
801 2680 846 2705 diu
863 2685 954 2705 mutus
969 2681 1052 2707 stetit.
1073 2680 1105 2706 tii
1124 2681 1178 2710 ille,
1198 2681 1237 2706 sic
1252 2678 1345 2705 etalii.
1367 2678 1412 2703 llla
1434 2684 1497 2703 vero
1515 2675 1705 2715 iii-dulcissimi
1722 2673 1782 2700 Filii

176 2716 318 2745 coniicito,
337 2719 363 2740 ct
385 2715 411 2740 iii
432 2715 559 2748 pum-lara
586 2716 786 2741 subvolantiuni
813 2715 970 2749 angelorum
996 2723 1103 2749 pompa,
1130 2716 1198 2741 coelo
1219 2713 1388 2741 velocissimo
1416 2715 1588 2749 penetravit,¹
1606 2715 1636 2748 et·
1655 2709 1782 2742 praecelsa

177 2751 382 2784 seraphinorum
397 2750 453 2775 ioca
470 2750 687 2783 incomparabilis
703 2750 794 2784 gloriie
815 2750 891 2784 plena
907 2751 1085 2777 transcendit.
1104 2749 1169 2782 Quis
1185 2754 1273 2776 autem
1290 2749 1316 2775 in
1333 2748 1378 2774 illo
1393 2747 1508 2774 artIculo
1523 2746 1602 2772 suerit
1616 2744 1782 2780 singulorum

274 2838 308 2855 ·ii.
327 2838 379 2858 λιγ,
394 2829 435 2855 523.
480 2827 557 2854 tAei,
577 2836 633 2854 i‘iii,
652 2829 693 2854 39.
736 2833 752 2843 ¹²¹
772 2828 836 2856 Gen.
860 2837 932 2860 nix,
952 2829 994 2855 ΞΟ.
