1860 2961
165 82 219 108 755

167 144 248 167 ‘cnei
270 139 360 165 Petrus
378 146 524 171 supremum
542 143 564 163 cl
581 147 631 163 iterii
643 138 829 163 rabilissimion
848 138 945 163 [siculo-

167 182 258 207 yoriim
275 175 410 203 columem
429 173 499 206 qnod
513 173 549 202 lii,
565 173 685 206 inquam,
699 173 746 199 soli
762 174 944 202 noniinentiir‚

168 217 220 234 non
237 209 326 235 obstat
347 209 412 242 quin
429 213 454 234 et
472 208 516 233 alii
539 207 674 233 adfuerint
691 212 754 239 (non
768 208 838 233 enini
855 208 946 233 exclu-

166 244 289 272 duntiirl,
317 244 362 270 sed
388 244 413 269 lii
438 247 542 269 tantuin
558 250 571 267 a
589 242 727 277 Dionysio,
749 247 875 275 tanquam
900 243 946 276 qui

167 283 231 304 tune
257 279 382 313 praecipui
408 278 477 304 inter
500 278 635 311 apostolos
659 282 751 303 essent
777 278 893 303 nominis
920 282 946 303 et

166 314 346 344 auctoritatis,
364 314 548 339 nominantur.
566 312 631 338 Nam
646 312 742 339 Petrus
754 317 811 339 erat
825 314 945 338 omnium

166 354 256 381 capnt„
275 348 392 374 jacobus
409 352 498 373 autem
518 348 591 374 urbis
609 347 856 382 llierosolymorum
876 351 946 381 (quae

166 383 278 409 urbibus
296 384 421 409 omnibns
438 383 592 413 antistabat,
605 389 630 409 et
641 382 759 408 Judaicae
772 382 857 416 gentis
870 384 944 415 prin-

165 426 229 451 ceps
247 418 413 444 domicilium
433 422 501 449 crat)
519 419 632 444 antistes
649 426 662 443 a
681 418 790 451 collegis
808 417 864 444 suis
881 426 945 443 con—

165 453 289 483 stitutus,
312 453 356 486 qui
382 454 461 479 etiain
479 453 651 479 abstinenthe
664 456 690 479 ct
708 452 867 479 austerioris
886 454 945 478 viiie

165 494 248 514 causa
272 488 336 522 ipsis
356 488 416 514 sidei
434 491 531 514 nostrae
554 488 675 514 hostibus
693 492 750 514 erat
771 488 942 514 reverendus.

165 523 242 554 Quod
271 531 335 549 vero
366 522 485 549 ioannes
515 523 680 556 evangelista
711 523 866 548 nominatus
891 531 944 549 non

165 557 256 588 suerit,
273 566 353 584 cansa
373 559 399 583 in
434 562 558 592 promptu
589 562 641 587 est,
659 558 730 591 qnod
747 557 779 583 de
798 557 857 589 ejus
876 565 943 590 prie-

165 593 252 618 sentia
267 597 358 627 utpote
375 593 475 626 tii-giiii
490 600 595 626 semper
611 592 775 622 assistentis,
794 592 866 617 nulla
885 593 945 618 snb-

164 628 230 654 oriri
258 632 347 662 posset
371 628 513 654 dubitatio.
542 628 595 654 lino
619 627 646 653 S.
667 627 756 653 Maria:
781 627 944 654 cathedralis

163 664 280 689 ecclesia
297 663 478 689 Tornaeensis
494 663 623 696 gloriatur
637 670 665 688 se
680 662 778 688 habere
795 661 827 687 ile
846 663 942 695 palina,

163 705 244 730 qnam
261 703 370 724 sanetus
387 698 552 733 evangelista
574 701 600 723 et
616 698 754 730 apostolus
769 696 886 723 Joannes
901 697 945 723 de-

163 732 266 758 ferebat
292 732 434 767 praeeundo
451 734 477 758 in
494 732 632 766 exsequiis
650 733 677 758 S.
697 732 786 758 Mai-im
815 731 943 765 beipai-ae,

164 766 210 793 Sic
226 769 296 793 enini
314 772 354 794 est
371 768 397 794 in
416 767 690 801 ilierogazopliyliaco
710 767 815 800 Belgieo
832 767 943 794 Ariiolil'i

163 802 196 828 de
211 801 315 829 Raisse.
335 803 404 835 Quin
422 807 447 829 et
465 803 653 829 Messanenses
670 803 696 828 in
717 803 807 828 sii-ilia
825 802 940 829 l'rustuni

162 838 271 871 aliquod
289 838 408 871 ejusdem
428 839 522 871 palium.
539 838 564 863 in
582 838 703 871 principe
728 837 826 871 templo
851 846 941 864 asser-

161 877 236 899 vant.
255 872 320 900 Vide
338 878 396 908 post
414 873 551 899 Francisci
566 872 711 906 Maiiroiyei
727 872 831 899 abbatis
845 872 942 899 Messa-

160 908 254 934 nensis
282 908 499 943 martyrologium
525 908 652 941 adjuncta
672 907 853 941 Reii‘qniarnm
872 908 938 933 loca.

160 943 200 968 Ad
220 943 331 969 Paiiliini
349 948 438 971 autein
454 943 526 977 quod
543 944 649 975 attinet,
668 943 723 969 sive
745 943 861 969 adiuerit
886 943 941 969 sive

160 977 289 1011 abfuerit,
304 979 370 1004 nihil
389 979 475 1005 l'rauiii
492 983 535 1004 est
549 979 638 1006 verbis
652 977 784 1013 Dionysii,
803 978 848 1017 qui
866 986 941 1005 inen-

160 1013 261 1040 tionein
277 1014 335 1047 ejus
348 1022 400 1039 non
418 1013 481 1040 iacit
494 1022 501 1045 ;
514 1014 559 1040 sed
572 1021 658 1047 neque
674 1013 817 1039 assertioni
833 1013 939 1039 illoruin

159 1048 206 1080 qni
230 1049 323 1076 dieunt
351 1057 444 1075 omnes
468 1049 600 1080 adfuisse;
619 1048 836 1082 qnandoquidem
866 1056 941 1075 inoro

160 1084 267 1117 vulgari
293 1085 448 1118 loquantur,
462 1088 490 1110 ut
510 1083 601 1110 dicant
616 1092 710 1110 onines
726 1091 774 1117 pro
792 1086 868 1118 parte
884 1091 941 1109 nia-

159 1118 243 1149 xinia,
260 1124 286 1145 et
302 1127 350 1153 pro
368 1119 401 1145 iis
416 1119 461 1153 qui
479 1118 620 1145 commode
636 1118 731 1145 adesse
753 1118 898 1153 potuerint,
915 1124 940 1145 et

158 1161 229 1187 qnos
243 1153 313 1180 Dens
330 1155 353 1181 ei
369 1154 510 1181 consessui
528 1154 713 1181 destinaverit.

195 1188 260 1214 Nam
273 1189 353 1216 iidem
365 1189 417 1223 ipsi
427 1190 472 1223 qui
483 1190 577 1216 dieunt
592 1196 686 1215 oinnes
698 1188 827 1219 adfuisse,
843 1192 938 1222 postea

157 1224 309 1258 subjiciunt
331 1225 451 1251 detuisse
478 1224 607 1250 Tboiiiarn
620 1243 626 1254 ,
644 1231 675 1251 ac
691 1224 780 1249 triduo
802 1227 861 1257 post
878 1228 940 1249 tan-

156 1263 215 1284 tuin
235 1259 394 1286 advenisse:
408 1268 457 1286 nee
474 1260 531 1286 sine
548 1259 639 1286 divino
658 1259 766 1294 quidem
789 1259 814 1284 id
838 1258 939 1284 iactum

157 1294 273 1321 consilio
296 1295 401 1326 dicunt,
424 1302 518 1328 nempe
543 1298 571 1320 ut
597 1294 667 1321 idem
694 1293 787 1320 Matris
814 1294 940 1327 probaret

158 1330 383 1363 assumptionem,
402 1331 447 1363 qiii
472 1330 532 1356 Filii
558 1329 748 1363 comprobarat
764 1329 941 1355 resurreetio-

157 1371 231 1391 Item.
252 1366 303 1391 Sed
321 1365 484 1391 Franciseus
502 1365 632 1396 Bivarius,
648 1364 711 1390 duni
730 1364 811 1390 niinis
829 1365 938 1394 insistit,

158 1403 187 1426 ut
205 1399 324 1427 defuisse
342 1400 387 1427 isti
407 1401 590 1434 apostolorum
605 1400 686 1426 coetiii
703 1399 815 1425 Paulum
833 1399 938 1433 probet,

159 1435 338 1469 ostendatque
361 1444 414 1462 non
436 1436 556 1470 potuisse
580 1443 641 1461 esse
660 1435 852 1468 Hierosolymis
868 1442 939 1460 anno

157 1469 258 1497 Christi
270 1471 495 1505 quinquagesimo
508 1475 615 1500 octavo,
626 1471 652 1495 in
669 1470 760 1496 inultis
771 1474 853 1496 errat.
873 1469 938 1495 Nam

159 1505 195 1530 ita
212 1507 304 1532 scribit
320 1515 325 1532 :
344 1516 352 1530 α
368 1506 462 1532 Adhuc
476 1510 564 1532 auteni
581 1505 645 1531 inihi
660 1505 765 1531 diliicile
777 1505 801 1531 id
817 1505 938 1537 videtiir;

158 1541 286 1572 quoniain
315 1549 386 1567 anno
412 1541 636 1575 (piinquagcsinio
662 1540 777 1573 septimo
804 1540 858 1573 (qui
888 1540 938 1565 l'uit

157 1574 274 1601 Neronis
301 1577 447 1607 secundus,
466 1580 534 1602 teste
561 1575 724 1609 Hieronymo
751 1576 796 1600 lib.
818 1575 853 1600 De
871 1575 938 1600 scri-

157 1610 275 1643 ptoribus
294 1611 427 1643 Ecclesia’,
448 1611 541 1645 Panlo)
559 1609 659 1636 Paulus
685 1610 806 1644 pervenit.
831 1610 938 1635 tinctus

159 1645 281 1676 Romaiu,
301 1646 346 1672 ubi
365 1647 463 1673 mansit
480 1646 588 1672 biennio
607 1649 704 1671 totoni
724 1653 773 1671 suo
791 1645 936 1676 conducto,

157 1680 218 1706 Act.
238 1681 342 1707 ultimo.
359 1681 434 1709 Unde
447 1689 517 1707 anno
532 1681 756 1715 quinquagesimo
771 1684 865 1706 octavo
884 1688 937 1706 non

158 1718 245 1749 potuit
273 1715 468 1752 Hierosolymis
491 1716 615 1742 adesse.»
638 1715 681 1741 Sic
703 1716 757 1741 ille.
781 1715 857 1746 Quod
875 1723 938 1748 ergo

157 1751 306 1781 existimat,
325 1760 425 1778 annum
451 1752 551 1778 Christi
575 1750 830 1785 quinquagesinnnn
855 1751 923 1784 septi

157 1793 230 1811 inum
248 1794 306 1812 csse
325 1788 472 1813 secundnm
489 1786 613 1817 Neronis,
638 1792 729 1819 aperte
748 1785 848 1810 fallitur
862 1795 867 1812 :
882 1793 937 1811 non

156 1821 230 1847 onim
253 1822 494 1856 quinquagesimus
514 1823 659 1855 septimus,
679 1821 725 1847 sed
743 1821 937 1854 quinquagest-

157 1864 218 1882 nius
242 1861 354 1883 octavus
380 1863 420 1884 est
444 1857 581 1883 secundus
606 1856 731 1885 Neronis,
750 1859 778 1881 iit
802 1855 885 1889 liquet
905 1864 935 1882 ex

158 1890 267 1917 Eusebii
276 1892 411 1918 Chronico
418 1897 444 1919 et
453 1892 686 1918 Denionstratione
695 1890 816 1916 Pontaci.
826 1891 936 1921 Deinde,

157 1926 230 1960 quod
256 1927 288 1953 ad
316 1928 483 1961 probandum
503 1928 658 1961 pervenisse
682 1926 794 1952 l'aiiluin
824 1925 936 1952 Romaiu

157 1969 229 1988 anno
241 1963 360 1988 secundo
372 1962 496 1994 Neronis,
507 1966 601 1988 testem
614 1961 722 1987 adducit
734 1961 936 1995 Hieronymum,

158 2003 255 2023 rursus
274 1998 384 2024 i'allitur.
402 1997 460 2024 Non
477 1998 548 2023 eniin
567 1997 631 2023 dicit
649 1996 829 2030 Hieronymus
851 2003 939 2029 perve-

158 2031 242 2061 nisse,
261 2033 307 2058 sed
328 2031 431 2059 tantuin
448 2032 528 2067 449
546 2033 653 2059 missum
669 2040 733 2058 esse.
752 2031 878 2062 Romam,
898 2031 938 2057 in-

157 2066 225 2099 quii,
244 2068 343 2093 vincius
359 2069 481 2094 mittitur.
501 2068 592 2101 ltaque
612 2068 656 2093 illo
680 2073 752 2092 anno
769 2070 826 2093 erat
844 2065 938 2092 lliero-

158 2102 279 2136 solymis.
294 2102 393 2129 Deinde
409 2104 487 2137 paulo
503 2106 564 2136 post
579 2103 605 2127 in
623 2101 851 2129 accommodanda
868 2102 938 2133 ejus-

157 2136 218 2162 dein
235 2137 309 2163 Pauli
324 2138 462 2172 prophetia
475 2146 526 2163 non
544 2145 636 2171 pai-uni
650 2136 799 2166 aberravit,
812 2136 851 2161 sic
866 2136 937 2162 enini

157 2170 191 2197 de
216 2172 261 2198 illo
285 2173 379 2199 scribit
400 2182 406 2199 ι

157 2208 240 2237 venit,
257 2216 395 2242 nniiquani
418 2207 443 2233 in
461 2208 597 2234 Orientem
616 2214 740 2233 reversus
757 2209 808 2237 est,
827 2210 855 2231 ut
879 2206 935 2238 ipse

157 2240 190 2267 de
205 2250 233 2268 se
254 2244 460 2277 prophetaverat
487 2244 614 2268 Actorum
640 2242 787 2275 vigesimo:
808 2240 873 2266 Ecce
892 2248 936 2274 eye

157 2277 220 2309 acio,
244 2278 384 2312 inquiens,
408 2279 469 2311 quia
496 2286 546 2303 non
567 2277 678 2309 amplius
702 2276 818 2302 videbitis
843 2275 936 2309 sacient

157 2320 241 2338 meam
259 2321 302 2339 vos
329 2322 428 2343 onmes,
445 2321 488 2346 per
509 2320 572 2347 quos
592 2312 700 2338 transivi
725 2311 871 2344 proedicans
896 2319 937 2336 re-

157 2355 236 2379 fanum
251 2348 308 2374 Dei.
321 2358 329 2373 ›
346 2348 390 2374 Sic
407 2349 459 2374 ille.
479 2348 558 2381 Arimi
574 2347 672 2372 Paulus
689 2354 741 2372 non
760 2346 936 2380 prophetabat

157 2389 187 2407 se
209 2391 346 2417 nunquam
372 2384 398 2409 in
425 2384 560 2409 Orientem
584 2390 769 2412 reversio-nnn
790 2381 842 2406 iiiio
860 2385 934 2411 tune,

157 2425 217 2442 euni
235 2419 278 2444 illa
296 2419 485 2453 prophetabat,
502 2421 574 2443 recta
602 2417 727 2443 tendebat
744 2417 769 2442 iii
784 2416 934 2445 Orientem,

157 2459 253 2486 nempe
269 2453 492 2486 Hierosolymam,
509 2453 552 2478 ubi
571 2456 597 2478 et
613 2457 707 2486 captus
725 2456 750 2478 et
769 2451 884 2479 vinetus,
905 2458 936 2476 ae

156 2486 253 2514 deinde
264 2489 361 2515 ductus
380 2488 490 2515 Rotnani
506 2488 563 2513 l'nit.
581 2487 643 2512 Erat
660 2491 748 2512 antcin
769 2486 850 2511 Mileti
867 2485 936 2511 Pau·

157 2521 199 2547 liis
216 2530 276 2548 ciiiii
303 2524 345 2549 illa
371 2523 541 2557 prophetavit
564 2523 615 2556 (est
640 2530 718 2555 porro
743 2520 849 2547 Miletus
872 2521 936 2546 urbs

156 2556 248 2589 Asiae).
262 2565 347 2591 eoque
365 2562 507 2584 vocaverat
522 2557 628 2591 Epheso
641 2557 756 2590 majores
769 2561 830 2582 natu
845 2555 935 2581 Eccle-

157 2591 212 2617 sim.
230 2591 276 2617 liis
291 2602 353 2626 ergo
371 2593 506 2626 Ephesiis,
521 2597 546 2619 et
565 2592 674 2618 Milesiis
689 2592 871 2626 potissimum,
889 2590 936 2616 sed

156 2630 182 2652 et
199 2627 258 2653 aliis
283 2627 410 2653 Ecclesiis
433 2628 517 2659 Asiae,
534 2636 593 2661 quse
611 2628 644 2653 ab
660 2628 713 2653 illis
731 2635 783 2653 non
802 2627 879 2659 longe
895 2625 936 2651 di-

156 2662 275 2691 stabant.
292 2671 320 2687 se
338 2664 449 2695 posthae
468 2671 513 2696 per
527 2671 621 2689 eoruin
635 2668 722 2689 terras
738 2670 789 2687 non
807 2661 936 2687 transitu-

156 2703 216 2722 rum
235 2698 405 2730 praedicebat.
425 2698 516 2731 Neque
532 2698 603 2723 enini
615 2698 653 2723 eis
665 2698 745 2723 verba
758 2697 796 2722 sie
813 2696 936 2722 restricte

156 2732 286 2765 capienda
299 2738 370 2759 sunt.
383 2733 460 2765 qnasi
479 2733 543 2758 niilli
562 2733 672 2758 oinniiio
689 2740 793 2760 eoriiin,
807 2739 852 2764 pei·
868 2739 935 2763 quos

157 2767 317 2793 transiverat
336 2767 484 2800 pra-dicans
502 2768 612 2792 verbnni
632 2768 688 2797 tii-i,
701 2770 791 2793 essent
805 2768 830 2791 in
848 2771 935 2798 poste-

157 2809 214 2831 runi
233 2802 291 2835 ejus
308 2802 390 2827 visuii
412 2802 515 2832 laciein,
538 2803 561 2828 id
581 2811 651 2828 enini
672 2806 685 2827 ii
698 2811 724 2827 ic
741 2802 796 2827 lieri
814 2810 865 2827 non
890 2808 934 2834 po-

746 82 771 106 b'.
795 81 940 107 iitofi'ffiit
964 80 1189 107 subterturrii

1724 85 1772 113 756

963 143 981 167 Α
999 142 1076 163 terat.
1092 138 1156 164 Nam
1169 139 1248 165 etiani
1264 139 1289 164 in
1301 138 1390 164 Jndaea
1405 140 1602 172 pi';i·‹iicarei·at‚
1616 148 1669 174 quo
1683 144 1771 165 tamen

996 174 1051 205 jani
1070 175 1240 207 properabat,
1257 178 1282 199 et
1296 174 1354 200 sine
1371 174 1452 199 dnbio
1463 174 1522 200 aliis
1537 183 1643 208 quoqne
1662 176 1688 201 in
1706 175 1771 201 locis

999 208 1067 234 inter
1088 208 1218 239 Jiid2eani‚
1235 213 1260 235 et
1276 209 1366 234 Asiani
1384 209 1488 235 inediis.
1510 209 1607 236 Deinde
1627 218 1722 236 rursus
1739 218 1769 236 ex

997 242 1088 269 Jiidaea
1111 244 1222 269 lioniain
1242 252 1327 277 usqne
1343 247 1401 269 erat
1418 244 1589 277 profecturus
1603 254 1608 271 :
1623 252 1655 270 an
1675 245 1700 270 in
1716 249 1771 271 toto

998 277 1043 303 illo
1057 283 1083 304 et
1100 283 1153 304 tani
1173 279 1250 311 longo
1269 279 1363 304 itinere
1389 279 1460 303 niilla
1480 280 1543 305 urbs
1559 285 1626 306 erat.
1645 280 1689 306 ubi
1710 286 1771 306 ante

997 313 1188 346 praeii'icassei?
1202 322 1287 347 neque
1315 313 1364 339 hoc
1387 314 1463 339 satis.
1489 313 1571 339 Ruina
1596 314 1676 341 etiam
1704 315 1771 341 liber

996 347 1124 374 dimissus
1136 356 1150 373 a
1166 348 1281 379 Nerone,
1294 348 1325 373 ad
1342 348 1539 381 pnmlieaiiduiii
1555 349 1707 383 ubicunque
1724 358 1771 376 vo-

997 382 1044 409 luit
1062 383 1243 417 Evangeliuni,
1260 392 1344 409 annos
1359 384 1511 416 coinpliires
1524 384 1599 415 abiit,
1613 384 1768 418 etquidem,

997 417 1055 450 ipso
1070 422 1137 445 teste
1152 418 1258 444 Bivario
1274 422 1353 452 atque
1368 418 1519 447 defensore,
1538 419 1619 444 etiam
1632 419 1657 453 iii
1674 419 1770 453 Hispa-

996 460 1066 478 niain
1091 453 1227 486 profectus
1252 457 1293 479 est
1310 463 1315 480 :
1334 453 1403 486 quod
1429 461 1478 487 ego
1503 454 1539 479 illi
1566 454 1709 480 assentior.
1729 454 1770 480 An

996 488 1087 515 nullus
1105 489 1186 522 iginii·
1203 489 1314 521 interea,
1328 496 1380 514 non
1398 487 1486 514 dicam
1501 496 1514 514 e
1526 488 1626 514 Judaeis
1642 493 1687 514 ant
1698 488 1770 515 Grae-

996 522 1052 554 cis,
1075 525 1120 549 sed
1138 531 1169 549 ex
1188 523 1305 553 Asianis,
1321 524 1419 557 quibus
1436 527 1491 549 tuni
1510 523 1691 553 valedicebat,
1710 524 1769 557 ejus

996 557 1091 583 sacient
1115 558 1196 585 vidit?
1213 559 1303 584 nullus
1320 558 1352 583 ad
1377 566 1453 591 enin,
1471 566 1517 584 seu
1536 559 1561 584 in
1581 558 1702 594 Syriam,
1722 567 1770 585 seu

995 593 1021 618 in
1045 592 1211 626 Hispaniam,
1229 601 1276 619 seu
1303 594 1329 620 in
1354 592 1466 625 ltaliam,
1486 601 1531 619 sen
1550 594 1612 624 alio,
1631 593 1675 619 ubi
1700 599 1768 624 erat,

995 628 1055 661 ejus
1082 628 1185 654 visendi
1211 632 1256 653 aut
1285 628 1459 654 conveniendi
1485 636 1565 654 caiisa
1588 637 1616 655 se
1638 629 1771 654 eontulit?

995 663 1086 688 nullus
1107 671 1267 698 quacunque
1284 671 1316 689 ex
1332 664 1474 689 occasione
1498 663 1524 688 in
1548 671 1578 689 ea
1603 664 1659 689 loca
1681 664 1756 697 prose

995 702 1065 728 ctus,
1083 698 1127 724 nbi
1145 697 1244 725 Paulus
1254 702 1322 728 erat,
1338 698 1364 723 in
1378 705 1437 724 euin
1455 699 1563 724 incidit?
1581 698 1633 724 Res
1645 703 1686 724 est
1704 706 1769 725 sane

995 733 1099 758 creditu
1112 733 1284 766 pvrditiiciiis.
1304 732 1372 765 Quid
1390 733 1481 767 igitur,
1499 733 1613 767 inquies,
1633 734 1692 760 istis
1709 742 1769 760 ver-

996 767 1036 794 bis
1057 768 1140 793 voluit
1163 767 1280 795 Paulus?
1305 767 1382 793 Aliud
1409 772 1480 795 certe
1498 769 1564 794 nihil
1587 776 1666 802 quain
1687 776 1715 794 se
1741 769 1768 794 in

995 806 1095 828 terrain
1113 804 1213 834 Asiani,
1230 803 1417 837 praecipueque
1443 803 1561 830 Miletum
1579 807 1604 829 et
1622 803 1767 837 Ephesum,

993 844 1034 863 ain
1058 838 1108 863 lius
1125 846 1178 864 non
1194 839 1353 865 rediturum.

1050 876 1185 905 ostrenio,
1207 882 1260 899 non
1286 881 1366 907 posse
1390 873 1470 899 verba
1488 872 1520 899 de
1538 872 1637 899 Christi
1663 872 1769 899 Domini

993 908 1117 941 sepulcro
1137 908 1264 943 intelligi,
1283 908 1378 942 probat
1400 908 1479 934 etiain
1497 908 1671 935 doctissimus
1686 908 1770 935 Baro-

993 943 1064 973 nius,
1077 950 1148 969 anno
1164 943 1264 970 Christi
1276 944 1319 971 4⁸.
1339 943 1405 975 Quia
1422 943 1523 970 scilicet
1538 944 1690 977 sepulcrum
1703 943 1768 970 illud

992 979 1105 1012 apostoli
1118 978 1174 1012 jani
1193 987 1263 1013 szepe
1277 979 1410 1009 viderant,
1427 986 1475 1004 nec
1492 982 1549 1004 erat
1570 986 1653 1004 caiisa
1676 986 1725 1004 cur
1742 978 1767 1004 id

993 1014 1122 1047 temporis
1138 1018 1189 1039 tani
1208 1015 1282 1040 inulti
1297 1022 1349 1040 una
1363 1013 1546 1044 convenirent,
1560 1017 1612 1039 tain
1627 1013 1659 1039 ad
1674 1014 1767 1039 viden-

991 1048 1055 1073 duni
1074 1048 1149 1080 illud,
1166 1057 1246 1082 quain
1270 1049 1302 1075 ad
1325 1049 1437 1084 hymnos
1455 1048 1491 1074 ibi
1508 1048 1700 1075 concinendos,
1718 1048 1768 1075 Cui

992 1087 1152 1117 argumento
1175 1084 1273 1110 niiruin
1292 1088 1332 1111 est
1348 1084 1414 1110 nihil
1440 1091 1598 1116 responsum
1616 1091 1675 1110 esse
1692 1091 1706 1109 a
1724 1083 1767 1109 Bi-

991 1119 1076 1145 vario.
1093 1118 1198 1145 Maneat
1210 1119 1292 1153 igitur
1309 1120 1413 1144 iii-muni
1431 1119 1512 1153 (qnod
1529 1123 1555 1145 et
1571 1118 1656 1144 Graeci
1674 1126 1768 1145 omnes

992 1152 1152 1185 docuerunt,
1160 1158 1185 1180 et
1197 1154 1304 1188 plurimi
1315 1153 1471 1181 Latinorum
1484 1153 1678 1187 approbarunt)
1687 1154 1766 1180 verba

992 1189 1079 1214 sancti
1097 1189 1217 1223 Dionysii
1232 1189 1265 1217 de
1279 1193 1411 1215 conventu
1427 1190 1607 1223 apostolorum
1624 1188 1654 1214 ad
1668 1196 1768 1222 corpus

993 1222 1111 1257 Virginis
1128 1224 1298 1255 intuendum,
1311 1228 1338 1250 et
1356 1224 1456 1251 honore
1474 1225 1618 1258 sepultura:
1635 1222 1768 1249 adornan-

992 1258 1067 1289 dum,
1082 1259 1255 1293 intelligenda
1272 1267 1342 1286 esse.

1028 1292 1080 1320 Sed
1104 1298 1205 1328 quaeret
1231 1295 1348 1328 aliquis,
1375 1294 1550 1328 quamobrem
1582 1293 1766 1328 apostolorum

991 1329 1082 1355 nullus
1107 1330 1269 1356 mentionem
1297 1330 1378 1355 ullam
1404 1330 1446 1356 vel
1468 1330 1562 1357 mortis
1588 1329 1767 1356 sanctissimae

992 1363 1121 1398 Virginis,
1141 1365 1182 1390 vel
1199 1367 1349 1391 conventus
1369 1364 1400 1390 ad
1419 1365 1561 1399 exsequias
1584 1365 1643 1398 ejus
1661 1364 1764 1390 iecerit.

992 1398 1048 1425 lioe
1065 1400 1135 1425 enini
1153 1400 1262 1433 quid-,nn
1276 1399 1399 1426 Micliaeli
1416 1400 1505 1434 Glycae
1525 1400 1587 1426 oliin
1615 1399 1764 1434 proposuit.

992 1434 1065 1460 illius
1083 1434 1195 1468 proinde
1212 1435 1460 1468 iiam-rogationeiii,
1476 1440 1502 1461 et
1517 1435 1596 1469 hujus
1614 1434 1767 1468 responsio-

992 1477 1051 1495 nem
1078 1470 1120 1496 hic
1140 1470 1212 1496 lubet
1230 1478 1372 1504 apponere.
1393 1470 1438 1496 Sic
1462 1470 1550 1504 itaque
1574 1469 1669 1504 Giymis
1692 1474 1768 1503 parte

991 1506 1071 1531 tertia
1098 1504 1265 1531 Annalium:
1283 1514 1292 1531 ‹
1312 1505 1418 1532 Memini
1442 1513 1562 1539 quoqne,
1589 1505 1685 1530 dilecte
1712 1504 1765 1535 iili,

990 1539 1088 1573 inquit,
1111 1543 1136 1566 te
1160 1541 1230 1566 inter
1256 1544 1367 1566 caeteros
1393 1540 1546 1574 hujusmodi
1572 1539 1766 1566 dubitationem

991 1574 1135 1608 aliqnando
1159 1575 1222 1601 milii
1245 1576 1431 1609 proposuisse.
1449 1575 1648 1607 Quamobrem.
1663 1574 1764 1604 aiebas,

990 1609 1115 1643 discipuli
1143 1609 1244 1636 Christi
1264 1614 1290 1636 et
1309 1610 1438 1645 apostoli,
1461 1610 1541 1636 rebus
1559 1610 1618 1636 aliis
1640 1609 1667 1635 in
1690 1616 1765 1635 coin-

991 1645 1139 1672 nientarios
1163 1650 1189 1671 et
1211 1645 1340 1671 historias
1366 1645 1468 1676 relatis,
1488 1653 1598 1681 proi-siis
1616 1644 1649 1670 de
1667 1644 1767 1670 obdor-

990 1680 1100 1705 mitione
1118 1684 1252 1714 perpetuae
1274 1679 1391 1714 Virginis
1407 1681 1480 1706 illius
1501 1679 1693 1707 obticueruiit?
1711 1678 1766 1704 llac

990 1714 1022 1740 de
1038 1723 1066 1740 re
1088 1716 1153 1741 satis
1169 1719 1208 1741 est
1226 1716 1400 1750 respondere,
1418 1718 1542 1742 auctores
1560 1714 1765 1748 Evangeliorinn

989 1749 1090 1775 Christi
1104 1750 1364 1777 :niniinisti-ationem
1379 1751 1405 1777 in
1419 1757 1499 1776 earne
1511 1754 1764 1780 commemorantes,

990 1786 1022 1809 ad
1040 1784 1097 1817 ejus
1110 1793 1123 1810 a
1137 1786 1215 1811 terris
1229 1786 1255 1812 in
1268 1786 1366 1811 coeliiin
1378 1785 1587 1819 assumptionem
1601 1784 1764 1818 pervenisse.

990 1820 1022 1844 At
1040 1820 1083 1845 illa
1100 1828 1196 1854 expers
1218 1821 1330 1847 maculas
1347 1819 1452 1846 Domini
1477 1820 1561 1847 nostri
1584 1819 1647 1847 Jesu
1665 1818 1765 1845 Christi

991 1853 1076 1881 Mater
1099 1859 1253 1888 provectam
1279 1860 1382 1882 :etatem
1406 1856 1527 1889 attigisse
1555 1855 1720 1889 perhibetur,
1737 1857 1765 1878 ut.

990 1890 1097 1916 divinus
1115 1891 1158 1917 ille
1177 1891 1215 1916 vii·
1238 1890 1358 1917 Andreas
1380 1890 1517 1917 Cretensis
1539 1890 1648 1916 antistes
1672 1893 1766 1914 auctor

989 1929 1040 1951 est.
1058 1926 1227 1959 Quapropter
1245 1926 1301 1953 lieri
1319 1934 1372 1951 non
1390 1926 1485 1960 potuit,
1509 1930 1536 1951 ut
1557 1924 1672 1959 Virginis
1695 1924 1766 1949 illius

990 1965 1125 1994 perpetum
1142 1961 1304 1987 obdormitio
1324 1961 1484 1995 evangelie-ae
1499 1960 1617 1987 historia:
1632 1959 1766 1985 inserere-

990 1999 1043 2026 tur,
1061 1997 1098 2021 uti
1112 2003 1171 2029 qua}
1184 1997 1262 2029 longo
1277 1996 1404 2029 deinceps
1417 2000 1546 2029 teinpore,
1556 1996 1624 2021 sicut
1637 1994 1763 2023 dixiinus,

990 2031 1129 2057 acciderit.
1148 2030 1293 2064 Propterea
1318 2038 1439 2057 seorsum
1456 2030 1584 2064 peculiari
1601 2029 1716 2063 qnodain
1734 2029 1765 2053 li-

991 2065 1038 2091 bro
1055 2065 1088 2092 de
1105 2066 1162 2099 ipsa
1180 2066 1247 2091 nihil
1263 2065 1365 2092 Christi
1381 2065 1506 2099 discipuli
1523 2065 1659 2091 memoria:
1676 2063 1765 2098 prodi-

989 2099 1098 2132 derunt,
1119 2104 1258 2134 propterea
1275 2102 1346 2134 quod
1364 2101 1389 2126 iii
1404 2100 1560 2133 explicanda
1576 2101 1634 2133 ejiis
1650 2098 1764 2124 admini-

990 2136 1121 2161 stratione
1148 2136 1281 2169 occupati,
1300 2143 1513 2169 inagnopereque
1530 2135 1562 2161 de
1588 2142 1640 2161 una
1668 2133 1711 2159 illa
1736 2140 1765 2158 rc

422 2182 430 2197 i
445 2172 513 2204 Quia
543 2178 684 2206 postquam
711 2171 794 2197 seniel
824 2170 937 2196 Romani
953 2171 972 2198 C
990 2170 1100 2196 solliciti
1119 2170 1182 2205 (qno
1194 2172 1323 2196 nimirum
1341 2176 1419 2204 pacto
1435 2170 1588 2196 incredulos
1607 2169 1698 2195 tideles
1713 2167 1763 2193 essi-

989 2210 1090 2236 cerem,
1114 2213 1145 2231 ae
1165 2213 1258 2231 onines
1276 2206 1307 2231 ad
1326 2213 1420 2239 puram
1437 2207 1624 2238 sinceramque
1643 2204 1668 2229 in
1685 2202 1763 2228 Chri·

988 2244 1059 2266 stuin
1085 2240 1162 2266 tidem
1187 2241 1375 2275 perducerent)
1388 2244 1483 2266 caetera
1500 2239 1677 2274 negligebant.
1697 2245 1764 2270 prae-

988 2275 1080 2301 sertini
1093 2283 1122 2301 ea
1138 2284 1196 2309 qua:
1208 2276 1241 2301 ad
1258 2275 1376 2301 divinam
1388 2276 1459 2301 iliani
1471 2274 1686 2309 praedicationem
1698 2273 1762 2297 niliil

988 2309 1116 2336 facerent.
1130 2321 1138 2335 ›
1154 2311 1253 2336 Sicilie
1267 2312 1300 2336 ad
1316 2311 1479 2344 propositam
1494 2309 1678 2343 quaestionem.
1696 2307 1763 2332 Tiini

988 2345 1080 2371 subdit
1096 2349 1304 2379 consequenter,
1317 2354 1370 2372 non
1388 2346 1497 2371 omnino
1515 2344 1662 2377 neglectam
1682 2342 1764 2367 inisse

987 2387 1001 2404 a
1015 2379 1158 2414 discipulis
1182 2381 1365 2414 apostolorum
1390 2381 1458 2406 lianc
1475 2381 1507 2405 de
1532 2386 1626 2404 soiiino
1648 2377 1763 2411 Virginis

988 2415 1140 2447 historiam,
1156 2416 1373 2449 quandoquidem
1392 2414 1420 2441 S.
1445 2414 1586 2448 Dionysius
1602 2414 1638 2446 ’,ιιι
1656 2413 1764 2447 scriptis

988 2451 1045 2475 suis
1061 2451 1119 2484 ejus
1136 2451 1305 2477 nieniinerit:
1322 2459 1330 2475 α
1347 2450 1404 2476 Non
1420 2454 1506 2475 tamen
1524 2449 1644 2478 omnino,
1665 2448 1761 2481 inquit,

987 2485 1077 2511 divina
1106 2486 1198 2512 isticce
1223 2485 1384 2511 obdormitio
1410 2485 1516 2511 silentio
1544 2483 1677 2518 prieterita
1703 2483 1761 2508 i'uit.

987 2518 1053 2545 Nain
1072 2529 1160 2546 reruni
1181 2521 1223 2547 ille
1240 2521 1390 2546 divinarum
1408 2520 1553 2552 interpres,
1569 2526 1682 2552 magnus
1702 2517 1763 2543 Dio-

988 2555 1091 2588 nysius,
1106 2557 1138 2582 de
1156 2556 1205 2581 liae
1217 2555 1373 2582 admiranda
1386 2554 1506 2588 quaedam
1523 2554 1548 2579 in
1562 2553 1719 2587 perscriptis
1730 2551 1762 2579 ad

987 2589 1157 2617 Timotheum
1169 2590 1290 2624 epistolis
1303 2589 1409 2615 tradere
1420 2589 1640 2622 deprehenditur.
1654 2588 1691 2613 Ac
1703 2588 1763 2613 vi'de

988 2625 1063 2655 inihi,
1089 2626 1214 2655 obsecro,
1233 2632 1292 2659 qna:
1311 2625 1409 2650 dicturi
1428 2624 1512 2650 siiiiiis
1529 2632 1559 2648 ex
1580 2624 1651 2649 illins
1669 2630 1762 2648 narra-

988 2660 1106 2687 tionibus
1132 2662 1265 2694 ‹lecei-pta.
1290 2659 1343 2685 Nos
1367 2659 1485 2692 quidem,
1510 2658 1562 2689 ait,
1588 2666 1639 2684 iiiia
1658 2663 1761 2688 tecum,

989 2696 1133 2730 innltisqne
1157 2696 1242 2721 sacris
1268 2694 1405 2724 fratribus,
1425 2698 1454 2719 ut
1479 2694 1635 2724 meministi,
1654 2693 1685 2718 ad
1702 2698 1761 2725 spe-

988 2731 1114 2756 ctandum
1140 2738 1238 2763 (eorpus
1267 2730 1343 2758 illud,
1370 2729 1439 2763 quod
1466 2730 1525 2754 vitae
1551 2728 1710 2762 priiiripinni
1736 2729 1761 2751 et

989 2765 1075 2798 ipsiiiii
1105 2766 1186 2792 Donni
1218 2765 1360 2798 aliquando
1386 2764 1572 2794 continuerat,
1597 2769 1759 2789 convenera-

989 2808 1078 2832 iiiiis,i
1095 2805 1145 2827 etc.
1166 2800 1202 2826 lta
1221 2800 1273 2827 iiie,
