1860 2961
125 94 175 121 ‘255

513 94 681 122 APPEanx
700 95 742 122 AD
758 95 872 123 OPERA
891 96 918 122 S.
939 96 1086 123 DlONYSll
1103 97 1342 127 AREOPAGtTAE.

1694 103 1746 130 256

126 161 180 179 non
195 156 248 183 est,
263 152 399 179 invenitur
413 154 555 188 pulchrum
571 160 598 182 et
614 157 726 188 bonum,
751 156 860 190 quando
878 157 910 183 de
926 161 948 186 Λ
962 157 999 188 ὡς
1013 157 1087 183 οὐδὲν
1101 156 1137 183 ὢν
1153 158 1206 184 τῶν
1225 158 1318 190 ὄντων,
1336 158 1392 185 ἀλλ’
1405 160 1591 195 ὑπερηρμὲνος
1604 162 1747 196 ἀγνώστως

126 198 181 225 Deo
197 197 316 224 dicitur:
339 198 409 226 Deus
436 201 509 226 enim
536 201 637 229 dicitur
663 207 690 230 et
709 203 781 238 qnod
802 207 855 234 est,
884 208 911 230 ct

125 245 197 277 quod
210 252 263 270 non
280 248 332 275 est,
350 252 412 271 cnm
432 246 498 272 nihil
516 247 552 273 sit
567 256 662 275 eorum
683 257 743 284 quae
769 253 842 280 sunt,
862 250 909 276 sed

963 203 1016 229 τῶν
1035 204 1177 230 wewam·
1195 205 1224 231 οὐ
1239 205 1293 240 γάρ
1310 206 1367 232 ἐστί
1387 215 1412 232 τι
1430 206 1460 233 τὸ
1478 207 1608 241 γινῶσκον
1631 209 1700 235 κατὰ
1720 209 1746 235 τί

963 249 1038 276 οὐδέν
1052 251 1124 276 ἐστιν
1139 252 1152 276 ὁ
1162 251 1236 282 Θεός.

126 297 208 323 snpra
220 290 311 316 onmia
329 290 408 317 modo
423 290 516 326 ignoto
531 294 680 327 attollitur:
704 303 758 321 non
778 299 819 322 est
843 295 916 322 enim
935 295 1039 330 aliquid
1064 296 1137 331 qnod
1159 300 1310 331 cognoscat
1333 298 1483 325 secundum
1499 300 1572 334 quod
1595 299 1666 327 Deus
1683 300 1718 327 sit

125 337 203 364 nihil.

158 387 354 414 Substantiales
369 389 499 416 essentioe.
518 389 636 418 Pulchre
648 391 852 421 substantiales;
867 398 911 417 cx-

125 435 258 461 sistentia:
272 435 343 461 enim
360 435 510 462 secundum
535 435 690 471 SerIptnras
706 442 770 463 sunt
783 437 911 463 essentiis

126 482 300 515 snperiores3
316 489 389 508 nunc
405 486 496 508 autem
512 483 642 516 quoniam
659 483 691 509 de
706 483 806 509 creatis
822 482 912 516 loqui-

125 533 180 558 tur,
201 528 298 555 merito
323 528 434 555 dictioni
460 528 590 564 ὑπάρξεις
614 529 741 563 apposuit.
763 527 910 559 οὺσιώδεις.

125 573 268 601 Unitiones
282 582 345 601 vcro
362 574 501 606 dicuntur,
527 582 581 600 non
599 574 672 608 quod
701 574 782 601 simul
799 581 912 600 acerva—

125 620 171 646 tim
189 620 290 654 aliquid
313 628 395 646 unum
413 620 544 651 efficiant,
562 619 681 654 sedquia
695 619 765 646 Deus
779 623 837 646 erat
852 619 912 646 sons

124 665 244 699 ipsorum
258 671 284 692 et
297 666 473 700 principium,
491 669 572 699 atque
585 673 616 692 ex
630 665 690 699 ipso
706 664 838 700 producta
855 665 912 691 sue-

124 717 187 738 runt
206 712 279 738 entia
304 715 393 739 omnia
410 720 470 746 qnae
487 712 635 742 illustrant,
650 716 677 738 et
689 710 868 738 subsistentia
884 710 911 737 in

123 765 254 791 persona,
270 760 306 785 ita
326 762 355 784 ut
374 759 401 784 in
419 758 644 785 distinctionibus
668 757 910 784 subsistentiarum

123 808 281 838 appareant.
300 804 458 831 ldentitates
474 808 565 831 autem
589 808 653 832 sunt
669 804 785 831 virtutes
805 804 906 830 intelli-

997 391 1031 416 ΑΖ
1046 389 1198 422 οὐσιώδεις
1223 391 1376 424 ὑπάρξεις.
1403 389 1501 420 Καλῶς
1524 390 1554 416 τὸ
1579 390 1744 423 οὺσιώδεις·

962 436 1091 471 ὑπάρξεις
1106 436 1164 462 καθ’
1181 437 1280 468 ἑαυτὰς
1298 436 1433 472 ἀνώτεραι
1449 436 1502 462 τῶν
1515 436 1611 462 οὐσιῶν
1626 438 1687 463 ele-v
1701 438 1748 464 νῦν

961 482 989 508 δὲ
1005 482 1095 517 ἐπειδὴ
1111 483 1174 518 περὶ
1190 483 1243 508 τῶν
1254 483 1370 509 κτιστῶν
1380 491 1471 518 φησιν,
1483 483 1593 514 εἰκότως
1604 483 1642 518 τῷ
1656 483 1749 517 ὑπάρ-

963 528 1024 560 ξεις
1039 528 1190 563 προσέθηκε
1205 529 1235 554 τὸ
1250 529 1412 561 οὺσιώδεις.
1428 528 1554 560 Ἑνώσεις
1573 529 1600 555 δὲ
1614 529 1748 563 λέγονται,

963 574 1012 608 οὺχ
1028 574 1067 600 ὅτι
1088 575 1238 601 συνέκειντο
1254 575 1374 610 σωρηδὸν
1392 576 1420 601 ἓν
1440 585 1465 601 τι
1483 575 1674 606 ἀποτελοῦντα,
1692 576 1748 602 ἀλλ’

965 620 1086 655 ὅτιπηγὴ
1093 621 1181 646 αὐτῶν
1193 621 1240 653 καὶ
1249 622 1319 656 ἀρχὴ
1331 620 1364 656 ἦν
1374 623 1387 647 ὁ
1397 622 1472 653 Θεὸς,
1487 622 1531 648 καὶ
1546 621 1576 653 ἐξ
1587 621 1668 648 αὑτοῦ
1680 631 1751 656 παρ-

966 665 1086 700 ήχθησαν
1101 666 1274 701 ὲλλάμψαντα
1285 667 1331 693 καὶ
1351 668 1505 694 ὑποστάντα
1523 668 1581 694 καθ’
1591 668 1747 694 eutitium&

965 711 1072 738 ἅπαντα
1087 712 1120 738 τὰ
1135 712 1209 744 ὅντα,
1226 713 1263 743 ὡς
1281 713 1327 738 καὶ
1349 714 1389 744 εἰς
1413 713 1561 749 διακρίσεις
1575 714 1749 740 ύποστάσεων

965 758 1088 792 φανῆναι.
1099 759 1266 794 Ταὺτὸτητες
1274 759 1301 784 δέ
1313 760 1380 785 εἰσιν
1387 760 1414 786 αί
1426 761 1560 794 ἀναγωγοὶ
1568 762 1612 787 καὶ
1623 761 1749 787 ἑνωτικαὶ

964 804 1031 838 πρὸς
1041 804 1105 830 Θεὸν
1114 805 1241 839 δυνάμεις
1255 805 1308 831 τῶν
1325 806 1437 841 νοητῶν,
1460 807 1497 837 ὼς
1518 808 1563 833 καὶ
1575 807 1730 842 ὁμοιότητες
1741 817 1747 822 -

124 851 258 884 gibilium,
274 858 334 884 quae
351 858 460 877 sursum
475 851 575 877 ducere
587 854 669 885 atque
680 857 742 877 cum
763 849 817 877 Deo
834 850 912 877 unire
927 846 948 872 Β
962 850 1054 885 ἐπειδὴ
1071 851 1117 877 καὶ
1132 851 1161 882 ἐξ
1177 851 1258 877 αὑτοῦ
1268 852 1319 878 εἰσι
1334 852 1380 878 καὶ
1397 854 1538 887 προσεχεῖς
1549 853 1632 888 αὐτῷ.
1646 853 1745 888 Ἐτερό-

124 897 266 929 valent,ut
289 897 371 923 etiam
399 895 608 928 similitudines3
640 896 770 931 quoniam
795 904 827 923 ex
853 896 913 930 ipso

123 951 231 977 qnoque
243 947 307 970 sunt
325 947 351 971 et
367 943 418 978 ipsi
439 943 589 970 adhaerent.
620 943 797 971 Diversitates
823 948 913 970 autem

123 993 257 1023 quatenns
274 990 419 1017 diversitas
439 990 567 1017 deorsum
585 990 670 1021 ducit,
687 993 713 1016 et
729 989 843 1016 divisiva
858 993 910 1022 est,

123 1035 149 1061 in
167 1036 298 1070 subjectis
323 1040 350 1062 et
371 1037 501 1063 extremis
526 1036 625 1062 divinae
645 1035 795 1062 voluntatis
818 1035 851 1061 ad
872 1036 912 1062 vi-

121 1081 211 1107 sibilia
235 1082 472 1116 progressionibus
498 1082 709 1116 multiplicatur.
733 1081 912 1109 Dissimilitu-

121 1125 199 1152 dines
213 1133 278 1151 vero
295 1134 403 1158 rursus,
418 1127 546 1161 quoniam
561 1127 632 1160 quod
643 1130 753 1154 creatur
767 1126 840 1153 aliud
857 1134 913 1153 om-

88 1164 90 1166 ’
121 1171 186 1197 ιιίιιο
201 1171 281 1198 suerit
299 1180 313 1198 a
333 1176 457 1199 creatore
483 1173 510 1199 in
535 1173 675 1205 omnibus,
696 1180 784 1207 neque
811 1173 910 1200 simile.

120 1216 206 1243 Porro
219 1218 428 1245 communiones
446 1218 524 1253 134
543 1223 607 1245 sunt
627 1219 830 1245 contrariorum
854 1219 909 1245 ele-

121 1267 275 1289 mentorum
291 1265 519 1298 temperationes;
542 1273 604 1291 nam
612 1273 643 1291 ex
657 1269 776 1299 quatuor
793 1265 911 1291 elemen-

120 1312 155 1335 tis
177 1317 292 1343 corpora
318 1314 382 1337 sunt
408 1311 509 1337 omnia.
527 1310 706 1337 Cohaerentiae
732 1315 822 1338 autem
847 1315 911 1337 sunt

120 1355 282 1382 mundorum
301 1357 327 1382 in
344 1356 438 1383 eodem
453 1357 550 1383 ordine
563 1357 759 1384 collocatorum
771 1377 778 1388 ,
793 1358 910 1385 visibilis

117 1405 145 1428 ex
167 1401 347 1437 intelligibilis
365 1403 391 1429 in
411 1403 547 1430 descensu
572 1403 767 1438 dispositiones
780 1424 786 1435 ‚
807 1412 838 1431 ex
855 1412 910 1431 una

120 1449 241 1474 materiae
266 1448 420 1475 substantia
444 1449 471 1475 in
491 1448 576 1476 tirmis
600 1449 762 1484 corporibus
778 1450 910 1485 multipli-

118 1498 195 1524 canti,
209 1498 288 1528 atque
303 1495 385 1521 veluti
399 1498 496 1521 catena
510 1502 539 1521 se
552 1499 647 1521 mutuo
660 1499 802 1528 tenentes;
820 1503 853 1523 ex
867 1496 908 1523 his

118 1540 307 1573 cogitationes,
322 1544 349 1567 et
363 1548 423 1574 quae
447 1545 611 1575 sequuntur.
629 1540 688 1567 Non
703 1541 907 1568 commistiones

118 1590 208 1611 autem
228 1587 383 1618 unitorum,
415 1591 481 1613 sunt
507 1586 578 1613 sicut
607 1587 634 1612 in
662 1587 773 1614 humani
798 1588 906 1622 generis

118 1633 327 1663 communitate,
357 1636 383 1659 et
408 1632 543 1666 cujusque
574 1632 695 1659 hominis
722 1634 905 1667 proprietate3

963 904 1041 930 τητες
1052 896 1079 922 δὲ
1105 897 1171 923 καθὸ
1187 898 1345 931 καταγωγὸς
1360 895 1426 924 οὖσα
1445 899 1462 933 ἡ
1482 899 1616 934 ἑτερότης,
1641 899 1687 924 καὶ
1705 907 1749 933 με·

964 943 1053 978 ριστὴ,
1070 943 1098 969 ὲν
1110 944 1170 974 ταῖς
1184 943 1398 979 ὑποδεῧηκυίαις
1415 944 1462 970 καὶ
1481 944 1608 979 ἐσχάταις
1629 944 1751 979 προόδοις

962 988 1008 1014 τοῦ
1024 988 1095 1014 θείου
1112 988 1262 1024 θελήματος
1278 991 1318 1020 εἰς
1328 990 1413 1025 ὁρατὰ
1432 990 1596 1025 ἐπληθύνθη.
1615 990 1751 1025 Ἀνομοιό--

962 1042 1041 1069 τητες
1052 1035 1080 1060 δὲ
1095 1035 1185 1067 πάλιν,
1198 1036 1290 1071 ἐπειδὴ
1305 1036 1335 1061 τὸ
1345 1036 1483 1071 γινόμενον
1499 1037 1591 1071 ἕτερον
1606 1036 1638 1063 ἂν
1651 1036 1692 1071 εἴη
1704 1035 1751 1062 τοῦ

961 1079 1209 1116 δημιουργήσαντος
1223 1081 1293 1107 κατὰ
1304 1082 1401 1115 πάντα,
1413 1083 1459 1108 καὶ
1469 1083 1519 1108 οὐκ
1540 1082 1666 1117 ἐμφερές.
1686 1083 1750 1108 Κοι-

962 1127 1052 1153 νωνίαι
1069 1127 1097 1153 δὲ
1111 1128 1164 1154 τῶν
1179 1128 1306 1155 ἐναντίων
1313 1130 1339 1155 αἱ
1350 1129 1404 1155 τῶν
1417 1129 1554 1164 στοιχείων
1561 1129 1613 1154 εἰσὶ
1628 1128 1748 1164 κράσεις·

961 1173 993 1198 ὲκ
1006 1173 1060 1208 γὰρ
1075 1174 1129 1200 τῶν
1140 1174 1279 1210 τεσσάρων
1291 1175 1428 1210 στοιχείων
1443 1175 1495 1201 εἰσὶ
1509 1174 1543 1201 τὰ
1555 1174 1668 1209 σώματα
1683 1174 1751 1200 πάν-

961 1227 1004 1244 τα.
1035 1219 1219 1255 Ἀλληλουχίαι
1236 1221 1264 1247 δὲ
1288 1221 1341 1247 τῶν
1367 1221 1532 1256 ὁμοῦ-τοίχων
1558 1221 1625 1246 εἰσὶν
1646 1221 1673 1246 αἱ
1697 1220 1752 1246 τῶν

962 1265 1081 1299 κόσμων,
1093 1266 1140 1292 τοῦ
1152 1274 1182 1293 τε
1198 1267 1295 1302 ὁρατοῦ
1307 1268 1353 1293 καὶ
1364 1267 1410 1293 τοῦ
1424 1267 1529 1303 νοητοῦ,
1548 1266 1607 1293 καθ’
1619 1266 1751 1292 ὑπόὸασιν

961 1311 1132 1345 κατατάξεις,
1155 1313 1187 1339 ἐκ
1212 1314 1276 1348 μιᾶς
1301 1314 1393 1344 οὐσίας
1415 1313 1464 1348 τῆς
1486 1313 1550 1348 ὕλης
1573 1313 1612 1343 εἰς
1638 1311 1751 1347 σώματα

961 1357 1154 1392 πληθυνθεῐσαι
1173 1359 1380 1394 στερεωμόιτων,
1398 1360 1441 1386 καὶ
1465 1359 1546 1385 οἱονεὶ
1568 1359 1655 1394 σειρὰ,
1671 1359 1736 1394 ἁλλή

961 1403 1014 1429 λων
1027 1404 1168 1439 ἐχόμεναι·
1185 1406 1216 1431 ἐκ
1230 1406 1330 1432 τούτων
1346 1407 1451 1441 νοήσεις
1461 1405 1508 1432 καὶ
1517 1405 1550 1432 τὰ
1559 1405 1630 1440 ἑξῆς.
1653 1405 1751 1439 Ἀσυμ-

963 1450 1047 1485 μιξίαι
1063 1451 1090 1477 δὲ
1105 1451 1159 1477 τῶν
1172 1452 1317 1486 ἡνωμένων
1328 1451 1451 1483 εἰσὶν,ὡς
1466 1451 1512 1477 ἐπὶ
1526 1452 1574 1486 τῆς
1587 1451 1633 1477 τοῦ
1649 1449 1751 1486 ἀνθρώ-

962 1505 1012 1522 που
1022 1498 1043 1512 ¹⁵⁸
1051 1497 1145 1531 γένους
1158 1498 1320 1533 κοινότητος,
1333 1498 1379 1524 καὶ
1394 1498 1443 1532 τῆς
1451 1497 1629 1523 καθ’ἓκαστον
1645 1497 1749 1532 ἅνθρω-

962 1551 1011 1568 πον
1030 1543 1172 1578 ἰδιότητος·
1190 1543 1229 1578 τῷ
1246 1544 1295 1578 μὲν
1315 1543 1369 1578 γὰρ
1390 1543 1472 1578 κοινῷ
1497 1543 1548 1577 τῆς
1567 1543 1659 1574 οὐσίας
1679 1543 1750 1577 λόγῳ

962 1589 1060 1620 πάντες
1069 1589 1207 1624 ἠνώμεθα,
1222 1591 1254 1624 τῇ
1269 1590 1296 1616 δὲ
1306 1590 1366 1616 καθ’
1374 1590 1489 1616 ’ἑκαστον
1498 1589 1619 1624 ἰδιότητι,
1630 1589 1659 1615 τὸ
1666 1589 1750 1623 ἀσύμ-

964 1643 1058 1669 μικτον
1075 1635 1182 1670 ἔχομεν,

117 1678 255 1704 connnuni
281 1679 351 1704 enini
373 1679 497 1705 essentiae
522 1678 627 1705 ratione
650 1686 745 1704 omnes
763 1679 831 1705 uniti
854 1686 961 1711 sumus,
999 1681 1217 1715 uniuscujusque
1231 1688 1297 1707 vcro
1329 1682 1506 1716 proprietate,
1539 1682 1650 1708 minime
1676 1689 1748 1707 com-

117 1724 274 1751 miscemur.

154 1770 245 1797 Status
260 1779 358 1799 omncs.
383 1771 452 1799 Dicit
465 1776 521 1800 tres
533 1781 593 1801 esse
608 1774 741 1801 stationes
756 1778 783 1801 et
806 1775 907 1801 motio-

118 1825 177 1848 nes,
197 1824 265 1851 quas
282 1818 364 1844 ctiam
388 1825 522 1851 recenset,
540 1821 684 1852 mentium,
699 1825 725 1847 et
742 1820 907 1853 animarum,

117 1867 143 1889 et
161 1871 326 1898 ccrporum3
342 1869 451 1899 oportet
473 1866 567 1900 itaque
582 1867 725 1893 commode
748 1867 907 1901 intelligere.

120 1909 223 1936 Montes
242 1910 324 1944 igitur
337 1914 410 1937 stant
425 1916 451 1938 ct
468 1916 623 1944 moventur,
647 1913 719 1940 sicut
742 1912 827 1939 lsaias
843 1913 909 1939 dicit

117 1960 143 1982 et
171 1956 293 1983 Ezechiel
316 1957 349 1984 de
375 1958 512 1992 seraphim
538 1962 564 1985 et
586 1958 749 1990 cherubini,
779 1958 906 1992 qnoniam

119 2004 271 2030 ascendunt
285 2009 311 2030 ct
332 2004 521 2036 descendunt,
547 2009 574 2031 ut
595 2005 633 2031 ait
651 2004 771 2039 Moyses;
786 2012 848 2030 nam
866 2004 908 2030 in-

119 2049 277 2076 desinenter
295 2050 327 2075 ad
341 2049 424 2076 Deum
439 2051 574 2081 converti,
589 2054 615 2077 et
630 2051 732 2077 liaerere
749 2051 776 2076 in
793 2054 907 2077 conten-

120 2095 193 2121 tione
215 2096 247 2122 ad
266 2096 365 2129 ipsum,
382 2097 434 2123 etsi
459 2096 618 2130 ablegentur
644 2100 670 2122 et
690 2095 858 2122 descendant
874 2096 906 2122 ad

994 1774 1028 1799 Al
1042 1772 1167 1805 στάσεις
1191 1771 1295 1799 πᾶσαι.
1326 1773 1438 1804 Στάσεις
1463 1773 1509 1799 καὶ
1534 1774 1653 1808 κινήσεις
1675 1775 1748 1809 λέγει

959 1821 1042 1854 τρεῖς,
1058 1819 1091 1850 ἃς
1107 1819 1152 1844 καὶ
1167 1819 1319 1852 καταλέγει,
1335 1819 1403 1845 νοῶν
1418 1819 1465 1845 καὶ
1478 1819 1581 1854 ψυχῶν,
1595 1820 1642 1846 καὶ
1657 1822 1748 1855 σωμά-

959 1873 1025 1890 των’
1050 1865 1090 1891 δεῖ
1111 1864 1199 1890 τοίνυν
1225 1865 1386 1900 προσφόρως
1403 1867 1481 1891 νοεῖν.
1504 1866 1534 1891 Οἱ
1555 1865 1603 1900 μὲν
1622 1864 1667 1892 οὖν
1690 1867 1748 1897 νόες

960 1911 1080 1937 ἵστανται
1091 1911 1138 1936 καί
1154 1911 1344 1943 κινοῦνται,ὠς
1352 1911 1464 1942 Ἡσαΐας
1475 1911 1550 1946 φησὶ,
1567 1911 1748 1947 καὶἸεζεκιῆλ

960 1957 1022 1991 περὶ
1039 1957 1092 1983 τῶν
1107 1957 1227 1991 σεραφὶμ
1246 1957 1292 1982 καὶ
1308 1956 1455 1992 χερουὸίμ·
1479 1957 1571 1992 ἐπειδὴ
1588 1957 1662 1982 αὐτοί
1680 1958 1747 1984 εἰσιν

958 2004 982 2028 οἱ
999 2003 1187 2033 ἀναὸαίνοντες
1203 2003 1249 2029 καὶ
1266 2002 1528 2035 καταὸαίνοντες,ὥς
1541 2011 1604 2037 φησι
1618 2003 1745 2038 Μωῦσῆς·

958 2048 988 2074 τὸ
1013 2049 1061 2083 μὲν
1080 2048 1133 2084 γὰρ
1155 2048 1341 2083 ἐπεστράφθαι
1371 2048 1496 2083 ἀλήκτως
1512 2049 1557 2073 ἐπὶ
1570 2048 1592 2063 ⁶⁹
1607 2048 1651 2074 τὸν
1670 2048 1745 2081 Θεὸν,

961 2095 1007 2120 καὶ
1019 2094 1140 2129 ἱδρῦσθαι
1154 2096 1181 2120 έν
1192 2096 1224 2129 τῇ
1241 2095 1307 2130 πρὸς
1318 2094 1397 2121 αὑτὸν
1407 2095 1545 2126 ἀνατάσει,
1557 2094 1607 2121 κᾶν
1615 2095 1747 2121 ἀποστέλ-

120 2142 259 2174 inferiora,
277 2146 306 2168 ut
322 2142 483 2176 adjuvandis
503 2142 674 2176 provideant,
689 2142 739 2167 hoc
756 2142 845 2175 ipsum
866 2146 907 2168 est
924 2139 944 2165 D
960 2141 1045 2166 λοιντο
1062 2141 1107 2166 καὶ
1119 2141 1335 2167 καταόσιίνοιενθ0
1352 2141 1397 2166 ἐπὶ
1414 2140 1447 2167 τὰ
1463 2141 1659 2176 ὐποὸεῧηκότα,
1677 2149 1745 2176 προ-

122 2188 234 2214 tirmiter
250 2188 277 2214 in
292 2187 339 2214 Dei
356 2188 455 2214 vicinia
471 2193 553 2219 stare,
567 2192 647 2221 atque
664 2187 696 2213 ad
713 2187 836 2214 liberalia
848 2195 906 2213 mo-

121 2235 174 2260 veri
191 2234 286 2261 ossicia.
304 2234 445 2260 Moventur
461 2238 550 2260 autem
567 2234 647 2260 etiam
671 2234 810 2268 superiora
834 2233 908 2267 cogi·

121 2281 202 2306 tando
214 2301 220 2311 ,
238 2285 264 2307 et
284 2285 358 2307 stant
373 2281 437 2306 dum
455 2281 489 2307 ab
510 2280 684 2306 inferioribus
706 2280 905 2313 intelliguntur,

122 2331 148 2351 nt
179 2327 381 2361 intelligibiles,
401 2330 543 2352 manentes
567 2327 593 2352 in
611 2326 720 2360 propria
746 2326 907 2358 identitate;

121 2381 182 2397 nani
202 2377 266 2399 snnt
283 2382 331 2399 sna
354 2373 479 2407 praesidia
501 2377 526 2399 ct
545 2373 713 2403 mansiones,
727 2376 808 2406 atque
825 2373 852 2398 in
868 2379 909 2398 se-

121 2418 186 2450 ipsis
212 2419 345 2451 habitant,
373 2427 479 2445 necnon
507 2419 539 2445 ad
571 2419 675 2452 seipsos
699 2421 906 2449 convertuntur,

121 2472 207 2497 noque
227 2464 309 2489 dividi
337 2469 451 2498 possunt
480 2464 506 2490 in
531 2472 561 2491 ea
582 2472 641 2498 quac
661 2474 675 2490 a
695 2464 741 2491 Dei
758 2465 831 2490 cultu
845 2468 909 2491 sunt

121 2509 218 2535 aliena.
238 2509 328 2543 ltaque
345 2510 546 2544 imperfectiora
561 2511 651 2536 onmia
664 2514 861 2537 convertuntur
876 2511 909 2537 ad

122 2556 324 2583 excellentiora.
340 2556 426 2583 Motus
442 2561 531 2583 antem
546 2556 906 2584 iiientiiiiii.etanimarumin

122 2602 215 2628 orbem
231 2602 417 2636 circulumque
433 2603 556 2629 teruntur
569 2622 575 2632 .
597 2602 668 2628 sicut
683 2603 764 2629 etiam
783 2602 907 2629 Ezechiel

122 2647 159 2672 ait
171 2656 177 2679 ;
191 2648 408 2681 quainloquidcin
425 2657 458 2674 ex
471 2657 499 2674 sc
512 2649 578 2682 ipsis
594 2649 813 2682 progrediuntur,
827 2653 908 2682 atque

124 2694 150 2721 in
168 2702 196 2720 se
214 2699 393 2725 revertuntur,
409 2693 460 2720 etsi
479 2701 493 2718 a
516 2702 544 2720 sc
565 2703 618 2720 non
642 2694 777 2721 abierunt.
800 2693 830 2720 Et
851 2694 907 2720 inec

960 2188 1033 2219 νοίας
1047 2188 1125 2223 χάριν
1134 2187 1186 2213 τῶν
1200 2187 1460 2222 ώφεληθησομένων,
1472 2186 1549 2212 τοῦτό
1563 2187 1619 2212 ἐστι
1631 2187 1660 2212 τὸ
1671 2187 1746 2213 ἑστά-

959 2243 1001 2260 ναι
1015 2235 1129 2269 βεόαίως
1150 2235 1177 2260 ὲν
1196 2235 1228 2268 τῇ
1248 2234 1315 2267 πρὸς
1332 2234 1396 2259 Θεὸν
1419 2234 1531 2267 ἐγγίσει,
1548 2233 1594 2259 καὶ
1614 2233 1744 2259 κινεῖσθαι

959 2282 998 2311 εἰς
1011 2280 1058 2311 τὰς
1073 2281 1137 2315 περὶ
1148 2281 1210 2310 τοὺς
1225 2280 1465 2314 εὑεργετουμένους
1475 2279 1623 2310 διακονίας·
1639 2279 1743 2305 κινοῦν-

958 2336 1002 2353 ται
1017 2327 1044 2353 δὲ
1063 2328 1091 2352 ὲν
1105 2327 1143 2361 τῷ
1162 2328 1231 2353 νοεῖν
1246 2327 1279 2352 τὰ
1295 2326 1511 2361 ὐπερὸεὸηκότα,
1534 2326 1578 2352 καὶ
1594 2326 1702 2351 ἑστᾶσιν
1715 2325 1744 2351 ἐν

957 2372 996 2406 τῷ
1009 2373 1125 2399 νοεῖσθαι
1139 2373 1213 2408 παρὰ
1229 2373 1282 2398 τῶν
1295 2373 1522 2407 καταδεεστέρων,
1537 2371 1574 2402 ὡς
1587 2371 1678 2406 νοητὰ,
1697 2371 1744 2406 με’-

958 2427 1035 2445 νοντα
1049 2420 1077 2445 ἐν
1088 2421 1119 2454 τῇ
1136 2420 1224 2455 οἰκείᾳ
1235 2420 1395 2454 ταυτότητι·
1408 2418 1523 2453 φρουραὶ
1531 2418 1584 2453 γάρ
1598 2419 1665 2444 εἰσιν
1682 2417 1744 2443 ἑαυ-

957 2465 1010 2491 τῶν
1029 2466 1074 2491 καὶ
1090 2466 1180 2499 μοναί·
1209 2466 1254 2492 καὶ
1275 2466 1314 2496 εἰς
1332 2464 1414 2490 ἑαυτὰ
1438 2464 1610 2495 οἰκειοῦνται,
1636 2463 1682 2489 καὶ
1700 2464 1742 2497 ἐφ’

959 2511 1042 2536 ἑαυτὰ
1060 2512 1302 2546 συνεστραμμένα,
1321 2512 1366 2537 καὶ
1381 2510 1532 2537 ἀσκέδαστα
1554 2510 1600 2536 ἐπὶ
1618 2509 1652 2535 τὰ
1667 2509 1744 2535 ἀλλό-

957 2566 1020 2592 τρια
1030 2558 1078 2592 τῆς
1088 2557 1250 2588 θεοσεὸείας.
1266 2558 1319 2583 Καὶ
1331 2557 1395 2590 γοῦν
1406 2556 1533 2582 πάντατὰ
1546 2556 1743 2590 καταδεέστερα

958 2604 1143 2638 ἐπέστραπταί
1159 2604 1205 2629 ἐπὶ
1224 2603 1258 2629 τὰ
1279 2603 1494 2638 ὑπερὸεϋηκότα.
1518 2604 1550 2628 Λί
1573 2603 1600 2629 δὲ
1624 2603 1743 2636 κινήσεις

957 2649 1010 2675 τῶν
1023 2649 1089 2675 νοῶν
1111 2650 1156 2676 καὶ
1168 2649 1260 2683 ψυχῶν
1273 2648 1432 2684 τροχοειδεῖς
1441 2650 1493 2674 εἰσι
1503 2649 1549 2675 καὶ
1557 2648 1692 2679 κυκλικαὶ,
1703 2648 1742 2679 ὡς

959 2693 1004 2718 καὶ
1013 2692 1138 2727 Ἰεζεκιήλ
1152 2701 1242 2728 φησιν,
1258 2692 1371 2727 ἐπείπερ
1387 2692 1416 2725 ἐξ
1436 2693 1539 2720 ἑαυτῶν
1554 2693 1679 2728 προΐασι,
1696 2693 1742 2719 καὶ

588 2763 703 2790 uitlAE
722 2763 912 2790 LECTIONES
931 2762 973 2788 ET
990 2761 1262 2788 CORRECTIONES.

218 2835 225 2842 1
256 2819 357 2845 Στατην
421 2822 438 2833 ’·”
454 2822 525 2850 jns'flm
546 2823 618 2847 ss‘z'm
681 2823 700 2838 '⁹
716 2823 790 2849 τούς,
842 2823 861 2837 ‘⁰

882 2820 1096 2848 ἀποστέλλωνται
1114 2821 1158 2847 καὶ
1171 2820 1375 2850 καταθῶ-μωσιν.
