1860 2961
156 112 203 141 751

747 111 774 139 S.
794 112 870 139 1]on
878 111 940 139 i'stt
959 111 1187 139 Atti-:OPAGtTAE

1725 113 1775 142 752

156 170 212 197 haec
237 174 296 197 erat
318 171 459 205 gentilium
477 171 504 197 in
527 170 699 198 Christianos
725 172 853 205 objectio,
871 172 943 206 quod
959 174 981 200 Α
996 172 1112 206 sumpsit
1134 172 1162 198 S.
1178 171 1322 206 Dionysius
1338 172 1410 199 elib.
1426 171 1507 199 Josue
1529 180 1589 207 cap.
1604 181 1629 204 x,
1645 181 1715 201 vers.
1730 175 1773 206 12,

156 205 206 240 ipsi
227 206 360 232 hominem
374 206 552 240 patibulatum
576 210 602 232 ct
620 207 694 232 cruri
709 207 827 237 affixum,
842 212 868 234 ct
884 216 942 234 scr-

155 241 201 266 vui
227 245 312 267 morte
338 241 495 267 dmunatum
520 242 651 268 colerent.
674 241 718 267 Sic
732 250 764 267 ex
785 242 837 267 illis
857 251 940 268 uuum

156 276 260 301 inducit
279 277 433 309 loquentem
451 278 586 303 Aruobius
598 277 644 303 lili.
665 286 671 303 ι
686 277 815 303 Adversus
830 283 918 310 steriles
930 285 938 301 :

157 321 165 335 ι
186 311 238 337 Sed
267 320 330 339 non.
348 311 441 345 inquit.
458 312 560 337 idcirco
586 312 622 337 dii
647 313 723 339 vobis
750 313 840 337 inl'esti
866 317 939 344 suut,

153 346 225 379 quod
242 347 454 379 omnipotentem
467 348 564 373 colatis
583 347 685 376 Deum.
705 348 750 373 sed
764 347 835 381 quod
853 348 941 373 hoini-

153 388 214 406 ιιι-ιιι
234 386 338 410 nutum.
353 386 377 406 et
399 382 482 415 tquod
505 383 629 416 personis
655 383 755 409 inl'atue
774 387 814 408 cst
830 383 939 418 vilibus)

152 417 243 442 crucis
259 416 393 449 supplicio
410 418 616 451 interemptum,
630 421 656 443 ct
673 417 754 443 licum
781 417 864 443 luisse
878 426 939 444 cre-

153 451 229 480 ditis,
257 455 283 476 ct
305 460 448 484 superesse
472 453 559 479 adhuc
585 453 712 483 creditis,
730 457 756 478 ct
773 453 940 486 quotidianis

152 487 397 519 ιςιι,ιριἰνιιιιοιιιιιιις
423 487 554 515 adoratis.
579 498 587 512 ι
605 488 649 513 Sit:
675 493 701 514 et
726 488 808 513 alium
836 488 940 514 inducit

153 520 284 547 Mumtius
297 521 369 547 Felix
388 522 548 548 inOctavio:
563 523 617 552 „Et
627 523 672 556 qui
686 523 820 549 homiuem
833 531 940 549 summo

152 556 287 589 supplicio
305 565 352 590 pro
371 559 489 583 Ιιιιτιιιοιιἱ
507 559 646 592 punitum,
663 563 688 583 ct
707 559 798 584 crucis
816 558 887 591 ligna
902 559 940 584 se-

152 591 219 616 ralia
243 600 336 618 eorum
362 594 537 619 rarreuiouias
565 594 736 623 tabutanmr,
762 595 939 626 congruentia

153 626 264 659 perditis
277 627 471 660 sceleratisque
486 629 606 654 tribuunt
622 628 716 653 altaria
732 632 779 653 :ut
795 628 820 653 id
838 629 938 659 colant,

151 660 231 702 433
261 662 332 696 quod
359 669 506 689 merentur.
528 673 535 687 ι
558 663 648 696 Neque
673 663 757 688 tacuit
784 662 939 690 Lactantius

152 696 319 725 hirmuinus,
343 698 387 731 qui
412 698 455 723 Ιιιι,
473 706 497 723 iv
519 698 555 723 De
572 707 630 723 rera
645 698 776 730 sapientia
788 718 794 728 ,
808 706 867 731 cap.
885 698 916 724 to*
931 706 936 722 :

154 740 162 755 ι
185 730 266 757 Venio
283 740 365 761 nunc,
383 733 482 766 iuquit,
498 733 530 759 ad
550 733 715 767 passionem,
730 741 789 766 quae
804 734 877 759 velut
892 741 941 767 op-

152 766 289 799 probrium
304 768 382 793 nobis
397 768 527 800 objectari
543 769 620 797 solet.
637 768 708 802 quod
723 773 748 794 et
765 768 900 794 hominem
913 773 939 795 et

152 801 186 826 ab
202 801 359 827 hominibus
381 803 479 836 insigni
503 804 637 837 supplicio
655 803 780 829 allectum
795 807 821 829 et
839 811 938 830 exerit.-

153 836 255 861 ciatum
282 837 414 864 colamus.
435 847 443 862 ι
464 837 495 862 Et
518 847 577 872 cap.
604 839 646 869 iti,
673 838 772 864 ibidem
795 847 801 863 τ
828 847 837 862 ι
865 838 939 864 Dicat

150 871 222 896 enim
248 870 373 897 fortassis
397 872 495 906 aliquis
513 883 517 899 :
538 874 594 899 Cur
614 875 635 900 si
659 873 730 899 Deus
747 873 807 903 ιἰιιῑ,
828 877 854 899 et
870 874 938 899 mori

151 906 247 936 voluit,
261 914 314 931 non
330 908 424 933 saltem
443 909 556 935 honesto
567 910 658 942 aliquo
675 909 770 934 mortis
788 916 886 943 genere
899 909 939 934 as-

151 940 238 967 set-tus
253 942 311 967 est?
327 951 374 968 cur
398 944 568 975 potissimum
595 944 696 970 crure?
717 951 765 969 cur
785 944 878 969 inl'ami
893 952 938 978 ge·

150 983 215 1001 nere
234 977 377 1010 supplicii?
391 979 462 1011 quod
478 980 557 1004 etiam
574 979 681 1005 homine
703 979 797 1008 libero.
815 979 938 1011 quamvis

150 1016 280 1040 nocente,
307 1012 430 1038 rideatur
451 1014 602 1047 inlignum.
624 1024 631 1039 ι
652 1014 717 1039 Vide
743 1014 779 1039 ibi
804 1013 937 1046 insignem

151 1047 369 1079 responsionem.
395 1048 486 1082 Neque
511 1049 585 1074 siluit
607 1049 786 1083 Augustinus,
811 1048 857 1082 qui
881 1056 939 1075 ser-

151 1088 231 1107 mone
254 1082 269 1107 8
282 1101 288 1111 ,
308 1081 344 1107 De
364 1082 451 1109 Vertis
477 1084 596 1117 Apostoli
616 1093 624 1109 :
645 1094 653 1108 ι
674 1084 709 1110 De
725 1084 812 1110 Crucc
824 1083 937 1114 Christi,

149 1116 248 1149 iuquit,
273 1118 351 1143 nobis
374 1119 508 1144 insultant
532 1120 669 1152 sapientes
687 1120 767 1153 hujus
784 1119 895 1149 mundi,
912 1123 938 1145 et

149 1149 245 1177 dicunt
260 1159 266 1176 :
282 1152 367 1183 Quale
384 1161 432 1179 cor
445 1155 562 1183 hahetis,
580 1155 626 1188 qui
650 1154 733 1180 Deum
746 1154 836 1180 colitis
848 1155 938 1180 cruci-

149 1185 249 1212 fixum!
268 1197 275 1210 ι
296 1187 360 1213 Vide
372 1189 451 1215 etiam
466 1190 492 1215 S.
509 1189 640 1216 Isidorum
658 1189 821 1215 Pelusiotam
839 1189 886 1215 lib.
900 1197 937 1221 tv,

148 1222 229 1254 epist..
248 1223 292 1253 51,
307 1224 351 1249 ubi
370 1225 496 1258 gentilem
519 1225 663 1258 quenulam
688 1225 854 1258 sophistam,
875 1224 938 1250 irri-

149 1256 256 1282 dentem
269 1257 368 1284 Christi
383 1268 491 1285 crucem
504 1265 529 1286 et
544 1260 823 1293 passi‹›uem,egrcgie
838 1263 937 1286 etcum

149 1292 281 1325 applausu
308 1294 475 1320 audientium
501 1295 630 1321 convicit..
654 1295 719 1320 Nam
745 1303 806 1321 cum
832 1294 876 1320 ille
905 1296 938 1321 de

150 1325 204 1364 Deo
220 1329 350 1354 crucilixo
365 1329 390 1355 iu
402 1330 518 1356 ell'usum
534 1331 619 1357 risum
635 1330 800 1360 solveretur,
814 1330 938 1363 quaesivit

149 1359 289 1389 isidorus:
306 1373 314 1387 ι
333 1363 384 1390 Sed
401 1365 473 1391 uude
494 1369 570 1398 potes
588 1365 777 1391 demonstrare
797 1365 936 1391 Christum

148 1398 329 1425 crucifixum?
346 1409 354 1424 ›
374 1400 535 1425 Mirantibus
558 1404 646 1426 autem
670 1401 786 1429 efflictis.
805 1408 936 1434 quorsum

149 1432 211 1470 talis
229 1434 406 1468 interrogatio
424 1435 562 1466 tenderet,
581 1436 690 1469 gentilis
707 1436 780 1461 velut
797 1439 887 1461 certus
904 1436 937 1461 de

148 1469 261 1493 victoria
279 1470 419 1503 respoudit
438 1479 443 1495 ;
462 1480 470 1494 ‹
491 1471 516 1496 Ιιι
531 1471 629 1497 vestris
654 1470 807 1505 Evaiigcliis
824 1470 850 1496 id
867 1471 936 1496 seri-

149 1506 223 1540 ptum
244 1508 301 1535 est;
324 1514 332 1529 ι
355 1511 410 1531 tum
438 1506 580 1532 isidorus:

147 1538 242 1569 znqttit,
259 1540 390 1573 scriptum
407 1545 464 1570 cst.
482 1541 553 1575 quod
572 1541 750 1567 resurrexerit
766 1545 792 1566 et
808 1541 833 1566 in
853 1541 936 1567 coelos

148 1572 269 1599 redierit.
288 1573 314 1599 Si
336 1583 400 1609 crgo
422 1584 505 1602 unum
533 1577 622 1602 credis
642 1575 798 1609 Evangelio,
816 1575 895 1601 crede
910 1579 936 1601 et

147 1607 275 1634 alu-rum.
295 1619 303 1633 ι
324 1609 387 1636 Post
409 1619 468 1645 quae
489 1616 579 1638 tantus
603 1615 643 1637 cst
662 1615 774 1637 exortus
787 1611 935 1636 astantium

147 1642 221 1668 risus
238 1648 263 1669 et
288 1646 446 1678 applausus,
465 1650 493 1671 ut
513 1650 627 1680 uterque
649 1646 834 1677 erubesceret,
851 1644 936 1672 isido-

148 1685 195 1702 rus·
211 1678 243 1704 de
256 1679 354 1712 gloria,
374 1682 480 1714 gentilis
496 1682 528 1707 de
545 1681 702 1714 ignominia.

184 1713 238 1743 (59)
262 1713 355 1748 Inqens
371 1717 550 1749 prodiyioruin
567 1724 623 1742 eam
644 1716 674 1742 ob
694 1723 747 1741 rent
769 1720 934 1748 patratorum

147 1749 222 1780 copia
237 1750 366 1776 evidenter
385 1752 570 1784 comprobarit.
590 1751 636 1776 Via
658 1751 789 1785 probandi
809 1751 935 1777 divinita-

148 1786 201 1808 tem
236 1784 338 1811 Christi
372 1794 419 1820 pcr
448 1787 591 1820 prodigia,
621 1786 655 1812 ab
683 1786 797 1820 ipsomet
823 1786 934 1813 Christo

147 1822 256 1844 ostensa
272 1825 327 1851 cst,
346 1821 439 1848 Matth.
457 1830 481 1852 v,
505 1822 549 1847 ubi
577 1821 668 1847 missis
684 1829 697 1846 a
713 1820 817 1847 Joanne
836 1821 868 1847 ad
892 1822 934 1847 in-

148 1855 352 1887 terrogandum.
370 1865 433 1882 num
450 1857 507 1890 ipse
526 1857 638 1883 Messias
659 1860 684 1882 ct
709 1856 834 1881 Salvator
849 1861 931 1888 esset,

147 1889 288 1921 respondit
306 1898 311 1914 :
331 1891 428 1917 Euntcs
450 1893 596 1918 renuntiate
610 1891 719 1921 Joanni,
736 1899 794 1925 quse
809 1891 931 1917 audistis.

148 1923 217 1948 (ltrct'
234 1925 337 1956 rident,
361 1927 451 1952 claudi
475 1927 622 1956 antbulunt,
647 1926 741 1959 leprosi
760 1927 931 1958 niundautur,

147 1959 222 1983 surdi
235 1961 355 1991 audiunt,
375 1963 472 1988 mortui
485 1966 646 1996 {resur-qaut,
663 1969 788 1995 pauperes
804 1958 933 1995 eranqeii-

149 1999 253 2018 zantur.
270 1995 344 2021 lianc
361 1997 430 2022 viam
448 2001 473 2023 et
494 1998 607 2031 apostoli
624 2001 780 2027 tetitterunt,
796 2000 822 2022 ct
838 2004 931 2022 eorum

148 2033 297 2055 senatores
314 2040 343 2056 ac
364 2033 464 2065 posteri
483 2042 488 2057 z
507 2041 554 2058 nec
579 2028 699 2065 [iuquam
719 2032 751 2057 ad
775 2032 853 2057 tidem
870 2039 933 2065 pro—

147 2063 262 2089 buidam
284 2066 367 2092 defuit
393 2068 418 2092 in
442 2067 562 2094 Ecclesia
588 2067 632 2093 Dci
651 2071 769 2101 potestas
787 2067 929 2092 miraculo-

148 2106 218 2124 rum.
234 2099 308 2126 llauc
329 2102 388 2128 litlci
402 2106 428 2127 ct
444 2101 570 2128 Ecclesiae
589 2106 679 2127 notam
699 2102 765 2127 bene
781 2106 931 2134 pertracta-

147 2134 185 2158 vit
201 2134 228 2160 S.
245 2134 369 2163 Justinus
386 2141 498 2170 martyr,
518 2137 550 2163 :ul
568 2137 646 2170 cujus
662 2135 757 2167 Vitam,
775 2137 819 2162 ubi
835 2144 884 2162 nos
899 2136 932 2163 de

147 2169 192 2193 illa
209 2169 306 2201 l'usius,
325 2173 432 2197 remitto
447 2172 586 2198 lectorem.

183 2204 237 2233 (4οι
257 2205 288 2231 In
307 2206 457 2240 I’olgscarpi.
478 2206 501 2233 ls
519 2211 560 2233 est
575 2208 602 2234 S.
624 2206 802 2241 Polycarpus,
819 2205 932 2233 Joanuis

147 2241 260 2271 apostoli
278 2241 437 2275 discipulus.

184 2274 239 2307 (41,
256 2276 295 2301 Ab
312 2278 490 2309 Apollophane
502 2278 628 2310 sophista.
647 2276 749 2303 Nomen
764 2276 880 2309 sophista
891 2281 932 2302 cst

148 2317 230 2334 ιιιιιιιιι
255 2319 287 2336 cx
304 2313 479 2346 ancipitibus.
501 2319 527 2338 et
542 2322 600 2347 quae
614 2317 755 2346 utramque
779 2312 805 2337 ιιι
829 2316 931 2345 partem

147 2345 207 2377 capi
225 2352 353 2378 possunt,
376 2348 472 2373 bonam
496 2352 521 2373 ct
543 2349 650 2374 malam.
668 2347 717 2373 llic
738 2350 827 2372 autcm
845 2347 870 2372 ιιι
886 2347 933 2371 bo-

148 2387 209 2404 nam
225 2382 340 2414 capitur„
354 2391 401 2415 pro
418 2383 561 2408 multarum
579 2391 667 2408 rerum
682 2387 707 2408 et
720 2383 817 2407 artium
834 2381 930 2414 perito.

148 2414 217 2439 Alibi
246 2417 362 2449 appellat
391 2426 452 2443 ι-ιιιιι
479 2418 622 2452 Dionysius
635 2417 762 2442 doctrina’
788 2416 929 2448 speculum,

149 2449 211 2474 alibi
229 2451 311 2476 virum
336 2453 487 2484 snpicntem.
514 2452 549 2477 De
572 2453 666 2486 primis
687 2451 931 2485 signiticationilms

149 2485 224 2509 voris
241 2485 321 2517 liujus
336 2489 463 2522 σοφιστής
482 2488 600 2520 sophista
620 2487 752 2514 videndus
770 2490 811 2512 est
826 2486 932 2511 Plutar-

149 2518 216 2543 chus
233 2521 258 2544 iu
279 2521 458 2553 Themistocle,
475 2524 526 2549 sub
542 2523 658 2548 initium.

185 2554 239 2580 t-ttzs
257 2556 318 2586 Qui,
342 2562 368 2581 ιιι
386 2558 477 2583 docent
491 2566 574 2583 sacra*
589 2558 693 2586 littera,
710 2556 773 2590 facit
798 2560 931 2590 mutatque

149 2589 247 2614 onmia.
263 2590 348 2617 Locus
364 2592 406 2616 luc
427 2598 466 2618 cst
482 2593 507 2618 ιιι
519 2592 585 2618 Lxx
596 2592 698 2625 lntcrp.
716 2592 809 2621 Amos,
826 2598 886 2624 cap.
902 2598 928 2621 v,

149 2624 164 2647 Χ
177 2642 182 2650 .
198 2623 237 2649 his
257 2626 343 2650 verbis
366 2634 371 2650 z
395 2627 421 2651 Ὀ
437 2627 520 2652 ποιῶν
542 2628 629 2654 πάντα,
647 2628 693 2652 καὶ
711 2626 928 2661 μετασκευάζων.

152 2657 261 2683 Facirns
289 2661 374 2685 munia
401 2667 423 2685 ct
451 2667 564 2689 mutans,
592 2662 698 2695 Alioqui
723 2662 829 2694 vulgata
846 2661 929 2687 editio

150 2692 243 2718 Latina
266 2694 344 2719 habet
362 2703 367 2718 z
390 2695 537 2722 Fat'icntcm
562 2698 702 2723 Arcturum
717 2701 739 2722 et
757 2697 889 2725 Orionem,
905 2700 928 2720 ct

165 2734 336 2754 auvertvnteni
360 2731 385 2754 iu
411 2739 484 2756 ruane
507 2733 640 2761 tenebras,
654 2737 677 2757 et
698 2731 766 2756 diem
784 2731 809 2756 iu
830 2735 928 2756 noctem

150 2768 302 2790 mutantem.
318 2764 449 2798 Loquitur
464 2771 551 2791 :um-m
568 2767 600 2792 de
615 2766 677 2796 oco,
693 2766 770 2799 cujus
791 2767 876 2792 solius
888 2769 929 2792 esl-

152 2798 212 2823 talis
229 2800 309 2828 actio,
326 2807 476 2829 conversio,
491 2802 613 2827 mutatio.

188 2833 243 2866 (43)
260 2835 324 2866 Qun:
336 2836 402 2860 enirn
419 2835 488 2867 fecit,
507 2836 607 2861 atatim
623 2836 661 2862 sot
674 2841 696 2862 ct
719 2835 791 2867 tuna,
806 2841 856 2862 etc.
874 2834 926 2863 Dc-

601 1515 608 1530 «
631 1506 711 1539 Atqui
733 1510 759 1531 et
785 1505 811 1531 in
829 1506 935 1537 iisdem,
951 1520 971 1546 C

994 211 1020 232 et
1036 215 1111 241 seqq.
1130 207 1174 233 ubi
1197 207 1237 233 sic
1262 207 1382 241 loquitur
1398 215 1404 231 :
1421 207 1493 233 Tunc
1517 208 1617 234 locutus
1641 214 1678 234 est
1694 208 1775 236 Jusue

994 241 1120 273 Domino,
1140 243 1166 267 in
1188 242 1230 267 aie
1247 250 1298 275 qua
1323 241 1432 267 tradidit
1458 243 1639 269 Amorrlurnm
1661 244 1686 269 in
1711 253 1775 270 con-

992 282 1079 309 spectu
1094 278 1210 310 fitiorum
1228 276 1323 306 Israel,
1339 277 1454 311 dixitque
1468 286 1556 303 coram
1573 279 1609 304 eis
1623 287 1632 305 :
1648 278 1693 305 Sol
1710 288 1773 306 con-

993 317 1034 337 tra
1051 311 1157 338 Gabaon
1176 320 1205 337 ne
1222 313 1359 342 n.orearis‚
1374 316 1398 337 et
1414 313 1475 338 luna
1486 318 1577 339 contra
1600 313 1692 339 vallcm
1710 316 1774 341 Aia-

992 346 1044 372 lon.
1064 347 1246 380 steteruntque
1269 347 1306 373 sot
1323 352 1346 373 et
1363 347 1442 377 luna,
1457 347 1536 374 donec
1557 348 1725 383 ulcisceretur
1747 358 1774 376 se

991 390 1052 415 ,tirus
1064 382 1095 407 de
1107 383 1219 407 inimicis
1233 383 1297 408 suis.
1314 381 1407 408 Nonne
1420 383 1544 416 scriptum
1557 387 1594 409 est
1608 383 1692 410 hocin
1706 385 1773 410 libro

987 417 1142 450 justorum?
1158 417 1234 443 Stetit
1250 418 1337 451 itaque
1352 417 1390 443 sol
1408 418 1433 443 in
1452 417 1535 444 medio
1551 418 1618 448 coeli,
1631 424 1654 444 ct
1670 427 1720 445 non
1735 421 1773 453 [e-

992 452 1097 478 sanavit
1114 452 1263 478 occumbere
1277 453 1359 485 spatio
1378 452 1455 478 unius
1470 453 1532 479 diei.
1554 452 1613 478 Non
1631 454 1681 487 fuit
1696 460 1773 480 antea

992 495 1036 512 uec
1059 492 1147 520 postea
1164 493 1217 513 taut
1244 487 1320 521 longia
1341 487 1412 517 dies.
1436 487 1566 514 obediente
1589 487 1700 514 Domino
1719 491 1773 516 voci

992 521 1114 553 hominis,
1131 528 1154 548 et
1170 527 1299 556 puynante
1311 531 1357 556 pro
1375 522 1470 549 Israel.
1484 523 1666 550 Ecclesiastici
1682 529 1771 551 autem

992 564 1052 590 cap.
1075 566 1152 586 xtvi.
1171 558 1200 587 3.
1220 557 1255 583 ita
1271 557 1304 584 (le
1323 557 1404 584 Josuc
1422 565 1428 582 τ
1444 558 1484 584 An
1510 567 1559 584 non
1584 559 1609 584 in
1636 559 1773 586 iracundia

991 592 1048 625 ejus
1070 593 1208 626 impeditus
1231 597 1268 618 est
1291 593 1340 624 sol,
1358 597 1381 618 et
1407 601 1459 618 una
1478 593 1532 619 dies
1556 594 1628 627 sacta
1644 599 1682 620 est
1697 596 1774 628 quasi

991 627 1064 654 duo?

1025 662 1153 696 Assignat
1174 669 1254 696 porro
1276 661 1420 697 Dionysius
1444 663 1512 689 duos
1538 664 1646 695 modos,
1673 663 1773 698 quibus

992 695 1048 722 [ieri
1067 698 1169 731 potuit,
1190 701 1218 723 ut
1244 697 1284 724 sol
1306 701 1332 724 et
1358 699 1419 724 luna
1444 701 1546 724 starent
1564 699 1678 726 immoti.
1697 698 1773 727 Unus

991 732 1110 765 quidem,
1128 741 1181 766 quo
1198 740 1291 759 omues
1315 733 1375 759 coeli
1401 740 1453 759 una
1481 741 1541 759 cum
1568 734 1621 760 illis
1638 734 1772 765 consiste-

991 771 1061 797 rcnt,
1080 768 1237 801 nullamque
1253 768 1279 793 in
1298 774 1400 801 partem
1419 772 1602 795 moverentur.
1620 769 1703 798 Alter.
1719 777 1773 804 quo

992 802 1053 828 coeli
1070 810 1173 834 omncs,
1198 803 1279 828 etiam
1297 803 1334 829 illi
1361 804 1387 829 ιιι
1406 803 1505 836 quibus
1523 804 1563 830 sol
1587 807 1613 830 et
1638 804 1701 830 luna
1724 806 1772 832 lixi

992 841 1066 868 sunt,
1083 838 1163 863 solito
1189 841 1263 863 motu
1280 839 1464 870 volverentur,
1481 838 1584 872 solique
1604 839 1644 865 sol
1659 843 1685 865 ct
1709 840 1772 866 luna

991 872 1073 906 quieti
1091 872 1185 898 codem
1209 873 1236 898 in
1253 874 1312 899 loco
1337 876 1451 904 starent,
1472 881 1521 899 nec
1537 881 1597 900 cum
1624 874 1681 900 suis
1696 875 1773 902 curtis

991 911 1174 933 moverentur.
1192 907 1268 939 Quod
1285 908 1421 942 posterius
1437 908 1588 942 prodigium
1604 910 1700 935 merito
1715 909 1775 936 Dio-

991 942 1085 975 nysius
1107 942 1190 977 priori
1214 942 1402 971 admirabilius
1424 943 1544 969 futurum
1567 943 1651 970 fuisse
1669 949 1771 971 censet.

991 976 1109 1003 Turbam
1136 978 1207 1003 enim
1230 978 1378 1011 ingentium
1395 979 1546 1005 contineret
1566 979 1771 1011 miraculorum,

990 1020 1049 1046 quse
1066 1013 1210 1047 astrologis
1229 1014 1351 1047 relinquo
1366 1014 1554 1048 expendenda.

1027 1048 1114 1081 Super
1130 1048 1180 1074 hac
1194 1048 1309 1074 duorum
1331 1049 1506 1075 tuuuuariuni
1528 1048 1637 1075 insolita
1663 1053 1689 1076 ct
1709 1057 1773 1084 pro-

990 1082 1093 1116 digiosa
1123 1084 1240 1109 statione
1263 1087 1342 1117 atque
1362 1090 1437 1109 mora
1460 1084 1603 1110 nomnillas
1626 1088 1773 1117 pertractat

990 1119 1202 1151 quaestiunculas
1230 1117 1370 1144 Scrrarius
1397 1123 1489 1145 noster
1510 1119 1536 1144 in
1559 1127 1615 1152 cop.
1643 1127 1657 1145 x
1679 1120 1771 1151 Josae,

990 1161 1057 1186 quas
1071 1161 1183 1187 operum
1201 1154 1295 1179 vacuis
1314 1161 1368 1180 non
1387 1154 1421 1180 sit
1439 1154 1532 1180 inutile
1553 1155 1687 1181 contueri.
1705 1154 1772 1182 Vide

989 1192 1016 1214 et
1033 1187 1181 1222 Gasparem
1196 1187 1323 1214 Sancium
1340 1189 1366 1214 ιιι
1381 1197 1483 1214 xxxviii
1499 1193 1576 1222 caput
1590 1188 1678 1216 Isaioe.

1025 1222 1080 1256 (44)
1093 1224 1159 1255 Quis
1174 1228 1266 1249 auctor
1281 1223 1348 1249 alias
1363 1223 1422 1257 suit,
1433 1228 1460 1249 ιιι
1475 1223 1529 1249 dies
1542 1232 1608 1249 unus
1624 1224 1676 1257 sere
1689 1224 1772 1251 tribus

990 1260 1158 1292 sequoretur?
1173 1258 1252 1284 Aliud
1276 1258 1327 1285 hoc
1349 1259 1409 1285 loco
1433 1259 1558 1293 proponit
1576 1258 1603 1284 S.
1628 1258 1772 1294 Dionysius

989 1293 1169 1326 Apollophani
1188 1294 1350 1328 prodigium,
1367 1293 1399 1320 de
1422 1294 1487 1320 solis
1507 1301 1630 1328 regressu
1650 1298 1772 1329 tempore

990 1328 1112 1355 Ezechiae
1136 1329 1206 1363 rcgis
1222 1328 1301 1354 Jutla.
1320 1329 1369 1355 Cui
1388 1329 1493 1363 signum
1511 1329 1606 1355 sutura:
1623 1331 1772 1356 curationis

989 1371 1046 1390 sure
1060 1364 1207 1397 postulanti
1221 1364 1257 1390 ait
1270 1363 1353 1390 lsai-as
1371 1364 1417 1391 lib.
1433 1372 1457 1390 iv
1470 1363 1583 1398 Regum,
1603 1372 1663 1398 cap.
1677 1373 1710 1390 xx
1721 1385 1728 1394 ,
1739 1365 1770 1392 9:

990 1398 1047 1424 Iloc
1066 1399 1115 1425 erit
1132 1399 1236 1432 siqnum
1258 1408 1273 1427 a
1298 1398 1420 1430 Domino,
1444 1399 1511 1433 quod
1528 1399 1646 1432 [acturus
1664 1400 1698 1425 sit
1715 1400 1772 1426 Do-

989 1434 1074 1459 minus
1090 1442 1244 1465 sermonem,
1257 1442 1331 1468 quenz
1348 1434 1449 1460 locatas
1463 1440 1521 1460 est:
1544 1434 1585 1460 tis
1601 1439 1628 1459 ut
1648 1435 1772 1461 ascendat

989 1468 1082 1494 umbra
1097 1470 1182 1495 decem
1205 1469 1290 1499 tineis.
1309 1478 1341 1494 an
1360 1474 1386 1494 ιιι
1402 1474 1546 1496 revertatur
1561 1468 1667 1495 totidem
1679 1470 1770 1503 yrudi-

989 1503 1035 1529 bus
1048 1505 1059 1530 ?
1074 1504 1106 1530 Et
1122 1505 1158 1529 ait
1180 1503 1305 1530 Ezechias
1319 1511 1327 1529 .·
1345 1503 1435 1530 Facile
1449 1510 1486 1530 est
1497 1524 1504 1535 ,
1524 1504 1642 1529 umbram
1660 1513 1772 1531 crescere

988 1538 1073 1564 decem
1091 1539 1183 1569 lineis;
1196 1547 1241 1564 nce
1256 1539 1303 1564 hoc
1319 1539 1375 1564 volo
1391 1544 1418 1564 ιιι
1435 1540 1492 1571 fiat,
1509 1539 1553 1565 sed
1574 1543 1602 1564 ιιι
1626 1544 1772 1565 revertatur

987 1578 1131 1599 retrorsum
1153 1574 1239 1599 decem
1261 1574 1395 1607 aradibus.
1422 1573 1555 1600 Invocarit
1573 1574 1658 1607 itaque
1683 1574 1770 1601 Isaias

986 1609 1110 1642 propheta
1137 1608 1289 1637 Dominum.
1305 1614 1328 1634 et
1351 1609 1453 1634 redusit
1470 1609 1589 1634 umbram
1609 1617 1653 1641 per
1676 1609 1770 1639 lineas.

986 1644 1079 1677 quibus
1092 1644 1150 1677 jam
1171 1643 1338 1669 descenderat
1354 1644 1379 1669 in
1401 1644 1536 1677 horutoyio
1553 1644 1653 1674 Achaz,
1672 1650 1771 1670 retror-

985 1687 1043 1704 sum
1058 1679 1144 1705 decem
1169 1679 1305 1712 yradibus.
1323 1678 1367 1704 Sic
1393 1679 1438 1705 ilii.
1456 1680 1533 1711 Quod
1549 1679 1709 1705 miraculum
1726 1687 1770 1705 rc-

985 1714 1096 1747 ponitur
1118 1714 1193 1741 Isaiae
1210 1722 1269 1747 cap.
1295 1721 1406 1743 xxxvut,
1422 1714 1436 1739 't
1454 1715 1496 1740 liis
1513 1714 1602 1740 verbis
1620 1723 1625 1740 z
1645 1714 1701 1739 Hoc
1722 1723 1770 1740 αιι-

986 1753 1035 1775 tem
1053 1748 1099 1775 tibi
1117 1750 1166 1775 erit
1180 1749 1283 1782 sianum
1300 1757 1316 1773 (ι
1331 1748 1453 1779 Domino,
1469 1749 1531 1784 quia
1547 1749 1624 1782 saciet
1641 1748 1769 1776 Dominus

985 1784 1089 1810 verbum
1114 1784 1178 1814 huc,
1197 1784 1265 1817 quod
1282 1783 1382 1809 locutus
1399 1788 1437 1810 est
1454 1793 1461 1810 :
1478 1784 1543 1810 Ecce
1560 1792 1604 1817 eqo
1621 1785 1713 1810 reverti
1727 1785 1770 1818 sa-

985 1819 1052 1845 ciam
1069 1819 1190 1845 umbram
1207 1819 1348 1849 luteorum,
1371 1823 1394 1844 et
1417 1827 1462 1852 per
1476 1827 1541 1853 quas
1558 1819 1724 1844 descenderat
1742 1820 1768 1844 iu

984 1853 1117 1888 horotoqio
1132 1854 1220 1880 Actzaz
1239 1854 1265 1879 in
1288 1854 1351 1884 sole,
1365 1858 1508 1880 retrorsum
1531 1854 1616 1880 decern
1633 1854 1717 1880 tineis.
1734 1853 1768 1880 Ee

984 1897 1100 1916 reversus
1115 1895 1152 1916 est
1168 1888 1208 1915 sol
1223 1888 1310 1914 decem
1323 1889 1398 1915 lineis
1409 1897 1453 1922 per
1465 1889 1574 1923 oratius,
1587 1897 1649 1923 quos
1664 1889 1770 1915 descen-

983 1924 1068 1952 derat.

1020 1959 1124 1987 Sensus
1148 1959 1268 1986 historiae
1291 1959 1373 1992 hujus
1402 1964 1444 1986 est
1467 1959 1530 1985 talis
1551 1968 1556 1985 :
1575 1958 1705 1986 Ezechias
1721 1967 1768 1985 rex

982 1994 1051 2020 Juda
1075 2003 1105 2021 cx
1124 1995 1198 2028 gravi
1223 1994 1380 2019 infirmitate
1398 1994 1466 2020 lecto
1491 1994 1599 2024 assixus,
1618 1993 1700 2019 Deum
1719 2002 1768 2028 pro

983 2030 1137 2056 xaletudine
1152 2029 1337 2062 recuperanda
1353 2030 1474 2055 exoravit
1493 2038 1499 2055 z
1518 2029 1588 2055 Deus
1603 2036 1650 2063 per
1669 2028 1767 2054 lsaiam

985 2065 1142 2098 prophetam
1166 2065 1189 2090 ei
1214 2072 1267 2089 non
1294 2063 1373 2089 modo
1395 2071 1424 2090 se
1449 2064 1630 2090 valetudinem
1646 2063 1768 2089 redditu-

983 2107 1053 2130 rum,
1070 2100 1213 2126 sedetiam
1237 2098 1391 2132 quindecim
1417 2106 1503 2125 annos
1527 2099 1588 2125 vitoe
1611 2098 1766 2125 additurum

984 2135 1117 2168 promisit.
1137 2133 1266 2160 Ezechias
1283 2133 1389 2167 siguum
1406 2133 1481 2167 petiit
1504 2134 1531 2160 in
1552 2135 1611 2168 ejus
1635 2133 1673 2159 rei
1692 2134 1767 2160 testi-

985 2170 1115 2195 monium.
1135 2168 1248 2195 indulsit
1274 2168 1353 2199 Deus,
1372 2172 1398 2194 ct
1424 2168 1560 2195 facturum
1585 2178 1613 2195 se
1638 2168 1720 2198 dixit.
1737 2172 1767 2194 ut

986 2204 1036 2234 sol,
1057 2205 1102 2238 qui
1115 2204 1169 2235 jam
1191 2203 1283 2230 decem
1301 2203 1353 2229 diei
1373 2203 1454 2229 horas
1469 2204 1634 2234 confecerat,
1653 2204 1764 2229 totidem

987 2243 1058 2264 rctro
1076 2240 1234 2268 reflecteret,
1253 2243 1333 2272 atque
1359 2239 1385 2264 iu
1413 2239 1544 2265 orientem
1568 2239 1764 2273 regrederetur.

985 2275 1061 2305 Quod
1088 2279 1114 2300 et
1136 2274 1235 2299 sactum
1252 2278 1303 2300 cst.
1322 2273 1360 2300 Ac
1380 2277 1521 2307 propterea
1540 2274 1583 2300 illo
1608 2281 1678 2300 unus
1695 2273 1764 2304 dics,

985 2317 1038 2342 quo
1064 2309 1114 2335 ista
1141 2309 1250 2337 fiebant,
1276 2314 1348 2335 recte
1372 2309 1471 2334 dicitur
1488 2316 1502 2333 a
1529 2308 1656 2342 Dionysio
1682 2308 1766 2335 tuisse

985 2346 1039 2370 tere
1057 2352 1104 2377 par
1119 2344 1215 2370 tribus.
1236 2342 1303 2369 Nam
1322 2344 1343 2370 si
1363 2348 1480 2377 quatuor
1497 2343 1661 2369 adderentur
1678 2343 1763 2374 horae,

983 2384 1075 2405 essent
1100 2379 1209 2412 triginta
1234 2382 1311 2408 octo,
1335 2386 1367 2404 ac
1393 2381 1591 2411 consequenter
1615 2381 1670 2404 tres
1696 2377 1764 2405 dies.

984 2413 1049 2439 Nam
1068 2423 1127 2439 cum
1148 2414 1206 2440 dies
1222 2414 1256 2440 sit
1272 2413 1399 2439 horarum
1420 2413 1573 2445 duodecim,
1591 2413 1631 2439 sol
1646 2412 1701 2446 jam
1718 2412 1766 2439 de-

983 2457 1040 2475 cem
1058 2450 1223 2478 cmiteccrat,
1241 2452 1321 2481 atquo
1346 2448 1382 2473 ita
1408 2447 1463 2474 sere
1486 2455 1570 2474 unum
1590 2448 1660 2474 diem
1675 2448 1766 2474 absol-

983 2489 1069 2514 verat,
1086 2485 1205 2518 exceptis
1229 2484 1331 2510 scilicet
1356 2482 1461 2508 duabus
1476 2482 1557 2517 434.
1575 2483 1664 2513 horis,
1687 2487 1764 2509 ante-

982 2527 1062 2545 ‹uam
1079 2519 1268 2552 regrederetur
1285 2526 1291 2542 :
1314 2517 1340 2543 in
1359 2524 1483 2551 regressu
1510 2522 1598 2550 autem
1623 2525 1685 2543 cum
1701 2517 1764 2543 toti-

982 2562 1041 2580 (cm
1057 2555 1137 2580 horas
1154 2553 1327 2587 impenderit,
1345 2560 1441 2585 nempe
1455 2552 1546 2578 decem
1559 2572 1566 2583 ,
1583 2552 1694 2579 secundi
1710 2552 1762 2578 diei

982 2589 1098 2622 spatium
1118 2589 1178 2620 l'uit,
1196 2588 1315 2622 exceptis
1338 2594 1446 2612 rursum
1472 2587 1578 2614 duabus
1601 2587 1691 2618 horis,
1708 2594 1763 2621 quo

982 2625 1074 2650 decem
1093 2625 1220 2650 horarum
1240 2622 1328 2656 spatio
1341 2622 1462 2655 pervenit
1479 2622 1518 2648 sol
1534 2622 1566 2648 ad
1586 2622 1673 2648 locum
1685 2626 1762 2648 ortus

982 2659 1023 2684 sui
1039 2668 1044 2684 z
1062 2666 1094 2684 cx
1110 2666 1163 2692 quo
1176 2658 1272 2685 deinde
1289 2657 1347 2683 loco
1362 2657 1394 2682 ad
1408 2656 1573 2684 occidentem
1594 2664 1679 2691 usque
1696 2664 1762 2682 con-

982 2694 1044 2719 l‘ccit
1061 2693 1200 2720 duodecim
1216 2693 1297 2718 horas
1319 2692 1452 2725 int‹·gras;
1477 2692 1512 2718 ita
1529 2695 1557 2718 ut
1574 2692 1684 2718 ultimus
1698 2698 1761 2717 cur-

981 2737 1027 2754 sus
1045 2729 1109 2755 solis
1138 2728 1218 2754 suerit
1240 2727 1298 2753 dics
1326 2726 1428 2760 integer
1455 2726 1583 2754 horarum
1605 2725 1757 2753 duodecim.

980 2764 1033 2789 (luo
1047 2769 1135 2789 autem
1154 2762 1259 2796 priores
1274 2761 1373 2787 suerint
1390 2761 1490 2795 singuli
1509 2761 1637 2788 horarum
1653 2760 1757 2787 decem.

979 2799 1067 2832 Atque
1090 2799 1126 2824 ita
1143 2798 1200 2824 dics
1225 2797 1269 2823 ille
1293 2804 1374 2830 supra
1397 2795 1495 2823 Juuaeae
1519 2797 1686 2823 horizontem
1710 2794 1761 2822 tuit

980 2834 1088 2869 triginta
1104 2832 1216 2860 ‘Juarum
1231 2832 1369 2858 horarum.
