1860 2961
135 117 185 144 ss:

517 116 562 141 ltE
582 114 610 142 S.
634 114 781 141 titONt'Stt
799 114 1029 141 Attt⁴101¹ithT„›1<2
1051 115 1128 141 vtTit
1148 115 1189 141 ET
1215 115 1368 145 stztttPTts

1709 115 1761 143 884

135 174 218 202 colo?
241 182 301 200 cuin
328 174 431 200 scilieet
458 177 482 197 et
508 173 695 205 episcoporum
723 180 754 198 a<-
782 173 921 198 doctorum
940 175 961 201 Α
977 180 1047 203 mus,
1062 173 1167 199 lirinum
1181 173 1566 207 flxtintquehabeatur,unum
1583 173 1760 205 cunali-inque

137 211 226 236 minor
240 215 311 235 esset
328 210 416 241 copia.
434 213 459 232 rt
475 207 561 232 Gallia
579 208 921 234 numeroChristianorum

135 245 282 271 desertior.
302 245 355 270 Nec
371 244 422 269 hoc
437 250 501 267 sane
522 250 618 267 novum
635 247 682 268 aut
703 242 850 268 parisiensi
867 241 920 267 Ec-

136 280 226 306 clesiae
240 279 392 312 proprium,
407 278 476 310 quod
490 277 680 310 cpiscoporum
694 277 844 304 continenti
860 284 922 302 suc-

136 315 261 341 cessione
279 315 322 340 illo
336 320 393 339 :nvo
405 314 535 339 caruerit.
550 312 604 338 lloc
620 313 692 338 enim
710 317 736 338 ct
752 312 844 338 inultis
860 312 921 337 aliis

137 350 247 375 accidit.
263 349 300 374 Ac
321 349 353 374 de
371 347 518 373 Rheiiicnsi
532 348 640 380 quidem
658 347 775 374 tect-testa
792 347 922 373 Flodoar-

137 385 187 411 «lus
204 384 355 417 presbyter,
372 383 490 415 sciiptor
503 384 595 415 gravis
613 390 703 416 (quem
720 383 791 408 haud
809 383 844 407 ita
866 382 922 415 pri-

135 419 196 445 dem
221 419 363 445 ediderunt
385 422 411 444 et
432 418 541 451 egregie
562 417 733 443 illustrarunt
759 417 922 443 Sirmondns

136 459 229 479 noster
245 459 269 479 ct
282 453 415 486 Georgius
429 452 617 482 (latu-nerias)
635 453 736 479 diserte
752 452 846 478 scribit
862 457 922 485 post

136 489 197 514 illos
221 489 322 522 primus
345 489 464 520 ejusdem
490 488 619 514 hertei-ae
641 488 795 522 pontilices,
816 488 919 516 beatos,

136 524 256 557 inquam,
278 524 385 549 sixtum
401 531 431 549 ac
454 523 585 548 Sina-iun·
602 523 689 549 sancti
712 522 783 548 Petri
805 523 921 552 apostoli

135 558 293 591 discipulos.
315 566 400 592 nsque
417 559 449 583 ad
467 558 608 591 imperium
633 558 804 583 Constantini
821 557 919 590 Magni,

135 601 184 626 per
200 594 253 619 tria
273 593 379 620 scilicet
402 593 499 619 s2ecnla
520 593 631 619 unicum
650 593 795 618 memorari
818 600 921 625 pra-su-

136 629 186 654 lem
202 629 370 654 Ainansium.
394 629 425 654 Et
445 636 477 654 ne
498 629 579 653 verba
597 629 653 660 ejus
676 628 797 653 auctoris
814 627 918 653 deside-

136 669 240 694 rentur,
261 664 386 697 subjicio.
410 664 500 696 ltaque
522 663 569 688 lih.
589 671 596 688 ι
631 662 733 688 tristor.
762 662 913 688 [thermensis

137 698 271 729 Eccleshu
289 703 430 732 postquam
454 699 580 731 superius
598 696 631 724 de
649 697 743 732 primis
756 704 769 722 a
791 696 872 722 Petro
893 698 919 723 in

135 742 194 758 eam
211 734 317 759 vineam
335 734 424 760 missis
445 733 510 766 egit,
532 733 567 758 ita
587 740 648 766 cap.
671 733 686 758 5
706 732 816 758 sabuti:
834 738 841 752 ¹
854 731 920 757 Fre-

135 769 279 802 quentibus
298 768 382 802 igitui-
396 768 614 802 persecutionum
630 767 754 802 procellis
768 767 919 792 iiitonanti-

136 804 186 829 hus
213 804 341 829 Ecclesia)
366 804 463 837 puppis
487 808 586 828 nostrae
608 803 723 836 jactata,
747 801 919 835 diversisque

135 845 265 871 oppressa
281 839 417 869 fluctibus,
431 839 559 871 quoniam
578 838 619 863 vix
638 842 718 870 capnt
731 837 856 863 attollere
871 845 919 870 po-

136 877 217 903 terat,
243 879 344 906 quanto
367 875 445 900 sedes
471 873 527 907 ipsa
555 878 675 907 tempore
705 878 811 898 rectore
834 879 917 898 vacua

134 908 216 941 digno
239 909 386 938 resederit,
413 909 482 934 haud
505 908 584 934 l'acile
604 908 756 941 panditur:
781 907 861 937 adm,
889 912 918 932 tit

134 948 195 974 post
222 949 259 970 tot
287 944 440 977 praemissus
466 949 564 969 nosti-ze
591 943 651 969 tidei
678 947 779 976 patres,
808 942 917 968 beatum

135 979 240 1004 Sixtunt
259 982 340 1011 atqu'e
359 978 502 1009 Siniritiin,
525 986 608 1004 uuum
625 979 757 1003 duntaxat
774 977 917 1010 praes-alea·

135 1013 307 1039 inveniamus
318 1014 475 1039 Atnausium
489 1013 521 1039 ad
536 1013 677 1046 inlperinm
687 1019 771 1045 usque
783 1012 918 1037 Constan-

135 1048 182 1073 tini
202 1058 207 1075 :
225 1049 273 1074 sub
287 1056 339 1082 quo
357 1048 497 1074 Betatisins
510 1048 653 1082 reperitur,
670 1048 713 1080 qui
735 1055 794 1073 euin
813 1047 918 1073 Primu-

133 1085 224 1115 genito
238 1084 349 1109 diacono
365 1091 413 1110 suo
427 1083 529 1116 primus
545 1090 578 1108 ex
591 1084 640 1108 hac
658 1082 763 1116 Belgica
781 1082 917 1115 provincia

135 1119 231 1151 tegitur
248 1118 399 1144 Arelatensi
415 1118 507 1151 primae
524 1117 680 1143 interfuisse
696 1118 811 1152 synodo,
828 1117 918 1143 relata:

134 1160 182 1185 prr
196 1153 330 1179 Marinum
344 1154 499 1186 episcopum
516 1153 672 1179 beatissimo
686 1160 760 1186 papre
777 1153 916 1184 Silvestro,

136 1187 281 1214 Volusiano
296 1193 324 1214 et
339 1188 445 1214 Attiano
468 1188 547 1214 Coss.
567 1188 630 1214 Post
645 1195 725 1220 quein
749 1187 830 1220 Aper,
857 1188 918 1213 inde

134 1223 330 1254 ittaieraianus,
345 1232 354 1247 »
370 1227 421 1248 etc.

171 1259 270 1284 Deinde
290 1258 447 1291 responderi
463 1262 561 1292 potest,
587 1257 704 1291 seposita
725 1257 807 1283 ctiam
828 1257 917 1283 throni

133 1293 296 1328 episcopalis
316 1293 470 1324 vacatione,
486 1293 636 1319 mediorum
650 1294 838 1326 episcoporum
855 1294 918 1317 nul*

133 1329 185 1354 lam
207 1335 267 1353 esse
291 1333 467 1358 mentionem,
493 1336 545 1353 non
565 1328 634 1360 quod
658 1328 674 1353 ii
700 1328 845 1356 detueriut.
870 1327 917 1353 sed

133 1365 204 1397 quod
224 1367 270 1388 aut
285 1363 393 1389 obscuri
412 1364 524 1391 suerint.
543 1363 731 1389 deiicienntms
750 1363 794 1395 qui
815 1363 918 1388 scribe-

135 1404 212 1429 rent;
240 1402 286 1423 aut
309 1399 330 1423 si
353 1399 446 1431 scripti
473 1399 536 1424 olim
562 1399 671 1429 luerint,
696 1403 783 1423 tamen
810 1398 916 1430 injuriis

135 1438 284 1467 temporum
301 1433 380 1459 deleti
395 1435 458 1460 siut.
476 1433 514 1458 lta
531 1433 586 1459 lere.
599 1434 680 1459 simili
703 1434 728 1458 in
745 1434 853 1466 negotio
876 1440 917 1458 re-

136 1470 251 1501 spondet
265 1468 384 1494 ¹loannes
399 1468 528 1494 Uadi-zeus
541 1469 566 1494 in
590 1468 769 1503 Chronologia
783 1468 916 1501 archiepi-

133 1511 275 1537 scoporum
292 1503 563 1537 Rotlioinagensiuin,
579 1505 622 1529 tibi
640 1504 672 1530 de
688 1505 717 1529 5.
733 1504 831 1530 Nicasi'i
845 1509 870 1529 et
887 1504 916 1528 S.

134 1538 254 1564 Mellonis
275 1540 331 1572 agit
347 1541 484 1564 distantia.

169 1574 268 1605 Quare,
283 1580 311 1600 υι
332 1574 393 1600 huie
416 1574 495 1599 tinem
511 1573 686 1607 disputationi
710 1574 817 1599 tandem
838 1580 921 1607 pona—

976 215 1046 238 essc‚
1068 208 1112 240 qui
1137 208 1199 233 olim
1224 208 1403 237 Athenarum.
1425 214 1452 234 et
1476 212 1567 241 postea
1592 207 1758 234 Parisiorum

974 242 1101 276 princeps
1117 243 1196 268 fucrit
1214 244 1366 276 episcopii&
1382 244 1437 276 Qua
1456 243 1487 269 de
1503 250 1530 269 re
1543 250 1623 276 quam
1638 242 1702 268 inihi
1717 251 1761 269 ar-

975 277 1045 303 ridet
1061 277 1152 304 Jacobi
1171 277 1249 304 Fabri
1267 278 1449 311 stapulensis,
1478 278 1528 304 viri
1553 278 1623 304 docti
1639 277 1715 310 juxta
1733 283 1760 303 et.

974 311 1010 344 pii
1029 313 1177 344 sententia,
1195 318 1249 339 tam
1271 313 1314 338 hie
1334 313 1444 339 minime
1459 317 1500 339 est
1517 312 1757 347 praeteriiiitteuda.

978 356 987 372 t
1010 347 1131 382 lnsuper,
1154 348 1253 381 inquit,
1269 355 1321 373 non
1345 348 1404 374 sine
1427 348 1517 374 divina
1539 347 1709 374 ordinatione
1733 352 1760 373 et

974 390 1079 409 summa
1106 383 1275 416 providentia
1301 383 1325 408 id
1356 383 1479 409 effectum
1501 389 1561 409 esse
1587 382 1651 408 inihi
1670 383 1758 408 visum

974 423 1026 447 est,
1048 423 1076 443 ut
1096 418 1138 444 hic
1154 418 1359 444 sacratissimus
1376 423 1401 444 et
1418 418 1496 452 longe
1515 417 1603 443 divina
1624 417 1758 450 sapientia

974 452 1174 478 illustrissimus
1189 453 1279 483 Pater,
1294 453 1410 486 primuni
1424 453 1629 478 Atheniensium
1646 452 1758 478 antistes

973 487 1089 513 Atticam
1103 489 1202 514 rexerit
1217 487 1379 519 Ecclesiam,
1397 493 1422 514 et
1434 488 1571 514 civitatem
1590 487 1757 520 primariam,

973 522 1096 548 omnium
1118 528 1257 556 parentem
1287 522 1451 554 litterarum,
1475 522 1680 548 illuminaverit.
1701 522 1759 554 Qua

973 557 1124 583 illuminata
1149 566 1210 583 mox
1235 557 1260 583 iu
1286 557 1386 584 Gallias
1408 566 1422 583 a
1446 557 1603 583 beatissimo
1622 556 1760 583 Clemente

974 593 1113 625 apostolus
1130 593 1240 621 missus.
1256 593 1346 618 sedem
1359 592 1427 626 apud
1443 592 1608 618 Parisiorum
1624 592 1758 626 insignem

973 628 1068 653 urbem
1088 630 1146 656 (sen
1160 627 1329 653 Parrhisium
1351 636 1397 653 seu
1422 627 1558 662 Lutqtiatn
1579 626 1758 660 appellarent)

972 662 1116 692 delegarit.
1141 663 1205 694 Quae
1227 663 1323 688 melius
1344 663 1470 697 Dionysia
1492 670 1505 687 a
1523 662 1652 696 Dionysio
1671 662 1759 695 primo

973 696 1052 732 542
1066 705 1113 723 suo
1127 698 1249 724 antistite
1262 703 1289 723 et
1306 698 1439 730 apostolo,
1450 697 1537 731 primo
1553 701 1710 731 susceptore
1727 704 1759 723 ac

973 738 1176 765 regenerator-e,
1202 740 1282 766 qnam
1301 734 1334 759 ab
1354 733 1434 762 lside,
1459 737 1505 758 aut
1524 732 1591 762 luto,
1617 737 1645 758 nt
1664 731 1759 758 volunt

974 767 1107 797 nonnulli,
1124 768 1255 801 potuisset
1271 768 1413 801 appellari.
1427 767 1534 793 Primus
1547 768 1619 793 enim
1643 774 1702 793 eam
1725 768 1758 792 ad

973 803 1035 827 vine
1051 802 1138 828 fontes
1151 803 1238 828 erexit
1257 803 1282 828 ιιι
1301 803 1409 828 ulii-isto
1422 802 1559 836 parvulam
1574 803 1674 835 (solent
1686 802 1758 828 enim

973 837 1052 871 primi
1069 843 1240 870 susceptores
1256 838 1348 863 indere
1363 838 1500 870 nomina);
1523 838 1628 870 primus
1644 841 1758 863 mortem

971 873 1004 898 ah
1021 879 1051 898 ea
1068 872 1205 906 effugavit,
1229 878 1256 898 ct
1275 873 1382 898 induxit
1406 873 1508 904 vitam3
1528 880 1608 905 quani
1632 872 1657 898 in
1678 871 1759 898 Chri-

971 908 1061 933 stiano
1077 908 1161 938 cultu,
1180 915 1227 933 suo
1239 909 1370 939 sanguine
1386 913 1412 934 et
1425 907 1545 933 oninium
1561 912 1757 933 tormentorum

971 942 1156 968 molitionibus
1182 943 1299 968 libenter
1322 943 1455 975 susceptis
1480 943 1587 968 tandem
1609 942 1756 968 continna-

969 978 1018 1003 vit.
1041 976 1117 1003 Unde
1138 981 1163 1003 et
1184 978 1269 1003 victor
1292 979 1392 1004 inundo
1417 977 1584 1009 triumphato
1606 978 1638 1003 ad
1661 977 1755 1006 Deum.

969 1012 1013 1045 qni
1042 1012 1128 1045 ipsum
1151 1013 1272 1042 miserat,
1299 1013 1468 1040 conscendit.
1493 1012 1561 1037 'l'um
1587 1013 1657 1038 Dens
1683 1012 1756 1037 illum

970 1048 1068 1076 locun),
1086 1047 1191 1080 piorum
1209 1048 1359 1074 studiorum
1375 1049 1477 1073 totitem
1498 1047 1712 1081 proeordiuavit3
1728 1051 1758 1072 ut

970 1082 1002 1107 ad
1024 1089 1113 1115 quem,
1135 1082 1160 1107 in
1183 1087 1286 1109 certum
1312 1087 1424 1108 eventus
1446 1083 1483 1108 rei
1504 1088 1704 1116 argumentum,
1724 1089 1756 1108 ex

969 1117 1084 1143 Athenis
1105 1117 1191 1142 virum
1209 1124 1287 1150 snpra
1309 1125 1416 1143 omnem
1434 1118 1579 1143 humanam
1595 1117 1756 1150 sapientiam

971 1153 1080 1178 doctum
1097 1152 1237 1178 direxerit.
1256 1153 1310 1178 Vox
1325 1153 1406 1186 igitur
1423 1152 1549 1186 Dionysia
1564 1152 1695 1179 bonarum
1712 1152 1757 1176 lit-

972 1191 1091 1212 terarum
1115 1188 1234 1212 oninium
1256 1188 1408 1219 academia,
1423 1188 1517 1213 eadem
1534 1192 1560 1212 et
1582 1186 1755 1216 l’arisieusis,

970 1229 1051 1254 quani
1067 1230 1135 1247 uuus
1154 1223 1278 1255 idemque
1293 1222 1374 1248 Pater
1389 1223 1489 1248 sociam
1508 1222 1573 1248 t'ec'it
1588 1222 1714 1252 Athenis,
1731 1226 1757 1247 et

970 1264 1107 1287 sororem,
1123 1262 1214 1283 vestro
1234 1258 1387 1291 applaudite
1403 1257 1536 1290 apostolo,
1558 1263 1649 1284 vestro
1668 1256 1756 1289 primo

971 1292 1086 1317 autistiti
1107 1296 1133 1317 et.
1156 1299 1271 1325 parenti,
1296 1293 1382 1327 primo
1399 1294 1431 1318 ad
1456 1293 1537 1317 vitam
1563 1291 1714 1325 susceptori
1729 1295 1755 1317 et

970 1326 1158 1357 illuminatori,
1185 1332 1212 1353 et
1234 1329 1291 1361 ejus
1315 1335 1408 1353 sacras
1431 1327 1588 1361 disciplinas
1604 1328 1627 1353 in
1654 1329 1757 1352 honore

970 1362 1110 1395 suscipite,
1132 1368 1212 1394 atque
1230 1364 1256 1389 in
1278 1364 1316 1389 eis
1338 1363 1403 1396 ipsis
1419 1363 1477 1388 dies
1500 1368 1649 1396 noctesque
1671 1360 1755 1394 proti-

969 1397 1031 1422 cite.
1052 1407 1060 1421 ι
1080 1399 1125 1423 Sic
1138 1398 1192 1424 ille.

1006 1432 1038 1458 Et
1051 1433 1101 1458 lioc
1115 1441 1180 1458 sane
1194 1432 1289 1459 melius
1302 1440 1382 1467 quam
1399 1432 1566 1466 inquirendis
1577 1437 1669 1459 contra
1685 1435 1755 1461 hanc

972 1471 1025 1493 tam
1045 1468 1125 1501 longo
1147 1473 1284 1501 receptam
1309 1469 1452 1494 'intervallo
1475 1468 1637 1494 senteutiam
1654 1469 1755 1495 inutili-

973 1503 1199 1536 busarguiiientis
1209 1507 1309 1529 trustra
1325 1509 1429 1537 teinpus
1445 1504 1592 1529 insumere.
1605 1503 1636 1528 Et
1650 1512 1753 1537 quaeSO,

935 1533 955 1560 C
975 1545 1007 1563 ne
1023 1537 1099 1563 lucus
1114 1539 1192 1563 detur
1212 1539 1255 1564 isti
1272 1538 1390 1572 querela:
1405 1546 1412 1563 :
1431 1538 1495 1564 Filii
1516 1538 1608 1564 man-is
1628 1547 1691 1566 mete
1706 1548 1756 1574 pu-

976 1578 1122 1605 qnaveruul
1136 1579 1225 1598 contra
1240 1581 1289 1599 me.
1307 1578 1317 1590 z

818 1691 1003 1727 QUAEs'rio
1023 1692 1061 1721 ιι.

691 1756 735 1784 De
762 1756 891 1794 scriptis
915 1761 1015 1785 sancti
1038 1756 1194 1795 Dionysii.

171 1820 233 1847 Fuit
257 1820 314 1846 haec
334 1828 441 1854 semper
460 1825 540 1854 atque
565 1821 714 1846 etiamnum
737 1825 777 1847 est
797 1820 919 1847 celeber-

134 1859 204 1883 rima
220 1856 289 1881 iuter
305 1856 398 1882 d'octos
420 1856 491 1882 viros
507 1857 633 1889 quaestio,
654 1856 796 1889 cujusnam
814 1857 868 1881 sint
888 1864 920 1882 ea

135 1893 247 1924 scripta,
267 1898 326 1923 quae
349 1890 398 1916 sub
421 1891 541 1925 Dionysii
565 1891 736 1924 Areopagitae
760 1892 868 1917 nomine
893 1892 920 1917 in

135 1928 222 1953 lucem
248 1926 385 1959 prodiere,
409 1926 531 1959 ipsiusne
554 1934 649 1952 revera
677 1927 859 1960 Areopagitze,
886 1934 919 1952 an

134 1962 258 1988 alterius.

170 1997 336 2022 Tractarunt
349 2003 407 2022 eam
421 1996 584 2030 complures,
597 1996 694 2029 partim
708 1996 807 2029 Grrcei,
821 1997 920 2030 partim

136 2032 245 2061 Latini;
267 2031 366 2064 partim
382 2032 523 2062 catholici,
541 2032 639 2066 partim
657 2031 789 2058 haeretici.
810 2032 843 2057 Et
860 2033 920 2064 qui-

135 2068 196 2092 ‹letn
210 2066 254 2100 qui
269 2067 461 2092 assiruiativain
475 2072 579 2100 partem
595 2071 752 2094 tenuerunt.
769 2074 800 2092 ea
815 2067 921 2093 scilicet

135 2103 234 2134 seripta
248 2109 311 2127 vere
328 2109 386 2127 esse
403 2102 524 2135 Dionysii
546 2102 728 2135 Areopagitxe,
751 2110 766 2128 e
786 2108 857 2128 coeui
876 2110 922 2128 ea-

137 2137 238 2162 tliolito
255 2144 324 2169 pene
344 2144 440 2161 omncs
465 2137 573 2163 luerunt
589 2145 595 2161 z
612 2138 657 2170 qui
674 2144 738 2162 vero
754 2138 919 2170 negativam,

136 2173 254 2198 maxima
268 2179 300 2197 ex
314 2176 390 2204 parte
403 2172 535 2203 haeretici,
548 2172 723 2205 quantumvis
734 2172 825 2206 aliquo
837 2176 919 2198 ctiam

136 2214 248 2233 timuero
266 2207 403 2232 catholici.

170 2243 209 2268 Ac
227 2249 259 2268 ne
273 2242 315 2266 cui
335 2242 361 2266 in
379 2246 496 2267 mentem
519 2242 619 2273 veniat.
637 2249 679 2268 nie
701 2247 761 2275 post
782 2247 819 2268 tot
841 2242 920 2276 hujus

136 2278 294 2311 qua->tionis
307 2281 468 2302 tractatores
486 2277 575 2302 videri-
591 2282 681 2303 actum
707 2285 797 2310 agere,
814 2278 921 2304 discent

135 2321 167 2338 rx
182 2314 233 2338 hoc
249 2317 343 2337 nostro
362 2316 488 2342 tractatu,
509 2313 662 2345 quicunque
676 2312 795 2338 animum
812 2314 919 2346 adjece-

138 2354 201 2377 rint,
215 2348 354 2373 meliorem
371 2355 419 2373 nos
437 2349 461 2372 ιιι
476 2354 527 2372 non
542 2348 635 2380 paucis
649 2352 770 2373 tenuisse
782 2348 917 2374 refutandi

138 2384 218 2413 mia,
234 2390 315 2415 quain
332 2383 376 2416 qui
391 2390 439 2408 iios
456 2383 605 2416 {integre-ssi
621 2387 683 2408 suut
700 2390 707 2406 ἒ
730 2383 846 2415 itemque
862 2392 916 2409 cet·-

138 2423 226 2442 torum
240 2423 464 2449 argutiieiztorum
482 2417 545 2443 hine
560 2418 622 2444 inde
635 2418 779 2443 allatorum
802 2419 842 2444 vel
857 2421 919 2445 viiia

137 2454 282 2482 detexisse,
302 2452 341 2477 vet
359 2457 491 2478 momenta
512 2454 668 2479 adauxisse.

173 2486 260 2511 Prima
291 2488 373 2520 igitur
400 2489 544 2519 sententia,
569 2496 654 2521 caque
674 2496 746 2519 vera,
773 2493 813 2514 est
841 2489 917 2515 tuuc:

138 2522 225 2554 Opera
242 2530 301 2554 qtue
328 2524 447 2556 Dionysii
470 2524 641 2557 Areopagita:
662 2524 771 2549 nomine
789 2525 919 2557 iuscripta

137 2562 210 2586 sunt,
227 2564 288 2582 vere
307 2557 377 2583 illius
389 2563 462 2589 sunt,
477 2564 503 2583 et
518 2566 566 2591 pro
583 2560 683 2584 talibus
703 2559 795 2584 haberi
809 2561 917 2585 debent.

174 2590 295 2616 Primum
317 2599 509 2624 uryuntculiini.
527 2594 593 2625 Quia
610 2595 631 2619 si
652 2594 677 2618 in
696 2602 725 2620 re
740 2593 819 2619 dubia
836 2600 862 2620 ct
881 2603 919 2620 tti-

138 2633 225 2656 certa,
239 2626 346 2659 qualem
359 2635 419 2653 esse
433 2630 501 2653 hane
519 2629 638 2654 nonnulli
654 2628 755 2659 volunt,
772 2629 866 2655 melior
878 2635 919 2655 est

139 2662 258 2687 conditio
281 2661 453 2694 possidentis,
470 2669 571 2696 quanto
595 2663 679 2696 tnagis·
699 2672 730 2689 ex
756 2669 830 2689 tauto
852 2668 918 2690 teui—

138 2704 212 2730 pnre,
232 2701 256 2722 et
278 2705 290 2721 a
310 2702 347 2722 tot
369 2699 485 2727 saeculis,
509 2701 620 2725 detenso
645 2707 752 2732 semper
771 2700 832 2732 jure
857 2708 916 2731 suo,

140 2741 207 2756 nona
229 2733 279 2757 tide
301 2733 461 2764 possidentis
473 2735 482 2757 'l
498 2732 563 2759 Nam
581 2735 614 2759 ab
628 2735 834 2760 immemorabili
852 2739 918 2761 tein-

139 2776 203 2800 poit·
216 2768 304 2793 habita
320 2772 381 2792 sunt
398 2769 454 2794 hcet:
469 2769 554 2801 (ipeia
574 2777 621 2802 pro
637 2771 718 2796 rebus
736 2771 915 2803 Areopagum,

176 2841 183 2853 '-
199 2835 275 2862 stitit.
291 2845 308 2866 ιἢ
326 2837 351 2862 Ji,

974 1829 1034 1848 euin
1053 1829 1104 1847 non
1122 1826 1202 1855 queat
1217 1821 1349 1856 assignari
1365 1823 1493 1856 spatium,
1505 1831 1557 1857 quo
1573 1824 1628 1858 ipsa
1641 1825 1754 1853 alterius

974 1862 1002 1882 et
1019 1865 1070 1882 nun
1094 1857 1165 1883 illius
1184 1858 1275 1883 habita
1294 1859 1358 1883 sint.
1376 1861 1396 1883 A
1413 1859 1484 1884 inille
1497 1860 1569 1885 enim
1591 1866 1663 1886 retro
1676 1863 1754 1888 annis

975 1900 1063 1924 eoque
1081 1893 1196 1925 amplius
1215 1893 1339 1919 laudatus
1355 1895 1516 1920 nominatim
1533 1896 1668 1928 reperitur
1688 1896 1753 1923 Dio-

976 1928 1070 1960 nysius
1087 1928 1262 1961 Areopagita,
1287 1933 1314 1953 ut
1334 1929 1428 1954 horum
1455 1934 1550 1956 auctor
1566 1938 1678 1963 operum
1695 1940 1701 1956 :
1726 1937 1754 1959 et

975 1962 1027 1987 luit
1048 1970 1127 1988 nemo
1144 1963 1272 1989 hactenns
1292 1969 1345 1988 tam
1364 1964 1520 1996 imprudens
1537 1970 1583 1990 aut.
1597 1965 1752 1998 impudens,

977 2001 1030 2022 taut
1044 2000 1132 2023 audax
1149 2004 1195 2023 aut
1210 2000 1381 2030 temerarius,
1405 2000 1450 2032 qui
1469 1999 1557 2025 alieno
1576 2001 1625 2025 sub
1646 2002 1754 2027 nomine

976 2040 1006 2057 ea
1031 2032 1118 2065 Opera
1146 2032 1287 2066 evulgarit.
1312 2033 1432 2059 Fuerunt
1456 2035 1563 2066 quidem
1586 2035 1630 2068 qui
1659 2036 1700 2061 vel
1721 2037 1753 2062 ad

975 2067 1172 2100 Apollinarem,
1186 2068 1226 2092 vel
1244 2069 1277 2093 ad
1294 2068 1375 2094 alium
1388 2076 1402 2093 a
1419 2074 1510 2094 noStro
1522 2069 1691 2103 Dionysium,
1705 2078 1752 2097 seu

975 2103 1157 2133 Corinthium,
1177 2110 1222 2127 seu
1237 2103 1462 2133 Alexandrinum,
1480 2112 1542 2130 suas
1558 2110 1650 2130 tenues
1666 2111 1692 2131 et
1708 2113 1753 2131 vix

976 2137 1093 2162 refutatu
1115 2138 1208 2171 dignas
1226 2139 1395 2171 applicarent.
1417 2138 1610 2172 conjecturas:
1635 2141 1682 2166 scd
1706 2142 1751 2174 qui

975 2179 1047 2198 serio
1067 2177 1133 2198 tueri
1150 2181 1181 2198 ac
1198 2181 1366 2206 propugnare
1383 2174 1565 2205 intenderent,
1588 2180 1634 2200 aut
1655 2183 1752 2202 nomen

974 2207 1089 2240 aiicujus
1104 2208 1210 2233 illorum
1227 2215 1366 2242 prietigere
1391 2210 1466 2235 hisee
1486 2211 1594 2243 scriptis
1610 2211 1751 2242 auderent,

973 2243 1038 2268 nulli
1056 2243 1176 2269 fuerunt.

1008 2278 1058 2310 Qui
1073 2285 1136 2303 vero
1149 2284 1212 2304 ante
1231 2279 1303 2304 mille
1317 2286 1402 2305 annos
1424 2279 1494 2306 hunc
1510 2281 1697 2314 Areopagitam
1714 2281 1752 2307 ci-

974 2318 1073 2343 tarum,
1093 2314 1118 2338 in
1144 2320 1269 2347 promptu
1287 2315 1374 2340 habeo
1397 2314 1536 2340 Leontium
1560 2315 1750 2349 Byzanssnum,

971 2354 998 2374 et.
1023 2349 1051 2374 S.
1067 2349 1239 2375 Anastasium
1259 2350 1402 2382 sinaitam,
1420 2350 1491 2376 viros
1508 2358 1604 2383 inagna
1627 2351 1750 2377 doctrina

971 2389 999 2409 ct
1015 2389 1190 2411 auctoritate.
1203 2385 1297 2411 auibus
1314 2385 1464 2418 imperante
1478 2385 1630 2411 ιΙιιεῑιιιιιιιιο
1647 2385 1681 2418 (is
1693 2394 1752 2412 sus-

972 2420 1044 2452 cepit
1062 2420 1206 2452 imperium
1224 2428 1297 2446 anuo
1313 2421 1413 2446 Christi
1434 2420 1538 2446 Domitii
1555 2420 1629 2453 527),
1643 2421 1750 2454 scriptis

973 2454 1103 2484 illustres,
1125 2461 1151 2480 et
1173 2455 1287 2488 plurima
1312 2458 1361 2481 sb.
1388 2457 1495 2480 i'atruin
1519 2456 1635 2481 lectione
1652 2456 1751 2481 iustrw

972 2494 1040 2516 ctos.
1065 2491 1185 2521 Quorum
1211 2492 1286 2524 prior
1310 2490 1356 2516 lib.
1378 2498 1407 2521 ιι,
1431 2496 1524 2516 contra
1547 2491 1699 2516 mestorium
1724 2496 1750 2520 ct

972 2525 1150 2558 l·2utyetieteiii
1178 2527 1358 2559 producturus
1384 2531 1504 2550 veterum
1529 2526 1693 2557 testimonia,
1710 2534 1749 2552 ste

972 2565 1100 2592 pradatiir
1115 2567 1121 2584 ε
1142 2561 1272 2592 Quoniam
1288 2562 1373 2594 qratia
1391 2560 1500 2590 Clo-5³11,
1513 2566 1680 2594 quwsliones,
1692 2569 1750 2594 qua:

971 2603 1080 2627 spectent
1105 2596 1298 2628 probabilitatis
1325 2595 1464 2627 habemini,
1485 2604 1532 2627 pro
1558 2598 1654 2621 viribus
1674 2598 1750 2622 ,solvt-

971 2638 1042 2661 miis,
1057 2632 1163 2664 polliciti
1180 2639 1237 2656 vero
1253 2639 1343 2656 suiuus
1358 2632 1513 2656 testinivniis
1528 2635 1641 2656 veterum
1657 2631 1749 2662 confir-

970 2672 1042 2690 mare
1066 2673 1124 2699 (μαι)
1142 2667 1371 2699 ιὶιιτιιιιιιδ;αεειρε
1394 2666 1422 2690 in
1446 2666 1524 2698 fidem
1553 2666 1749 2691 niatii‘iuamem

970 2703 1188 2734 testimoniorum,
1209 2701 1362 2734 oequubilem
1376 2701 1540 2726 ruodmanni:
1557 2700 1671 2726 veranii:
1688 2708 1748 2725 con-

970 2740 1073 2760 centum
1086 2738 1214 2762 edentem.
1232 2737 1333 2761 Deinde
1350 2741 1409 2769 post
1424 2738 1545 2768 quaedam
1562 2737 1612 2761 alia
1627 2736 1747 2768 ejus-dein

970 2771 1147 2803 prietation'is,
1162 2773 1222 2799 dum
1237 2772 1340 2806 prolert
1356 2772 1522 2803 testimonia,
1535 2779 1622 2804 pruno
1637 2777 1747 2804 prorsus
