1860 2961
178 75 227 102 675·

775 74 802 101 S.
822 74 898 101 DlON
905 74 969 101 Ysu
989 74 1218 102 AREOPAGtTAE

1741 80 1792 107 676

178 140 230 167 qne
254 132 339 158 nostri
362 131 425 158 Jesu
449 130 552 157 Christi
575 130 687 157 honoris
709 137 791 156 causa
813 130 960 161 excitavit,
976 136 998 163 Α
1014 130 1091 164 ἡμῶν
1110 130 1195 164 Ἰησοῦ
1212 130 1321 165 Χριστῷ
1339 131 1378 162 είς
1397 131 1478 168 τιμὴν
1490 132 1638 167 ἀνέστησε·
1663 134 1706 159 καὶ
1730 134 1793 161 λαὸν

179 185 332 209 nexumque
347 177 474 210 populum
491 177 517 202 in
534 175 672 209 Evangelii
690 175 803 201 veritate
825 175 960 201 eruditum

177 227 271 248 sancto
287 221 422 255 baptismo
438 224 531 254 postea
545 220 600 246 illic
617 220 787 246 illuminavit.
806 219 855 245 Diu
871 223 960 245 antem

178 267 273 293 beatus
289 268 328 292 vir
351 266 469 292 interdiu
493 269 629 300 noctuque
651 266 801 299 ‹lisciplinae
823 264 960 298 religionis

177 321 208 339 ac
225 313 330 346 pictatis
358 311 558 338 multitudinem
584 310 710 342 instituit,
736 310 890 343 Christique
911 317 960 343 po·

178 362 258 395 pulus
280 369 311 387 ex
337 360 437 387 veteris
460 359 548 386 hostis
573 359 697 385 saucibus
724 361 833 392 ereptus
856 360 896 383 est
911 365 917 389 ;
935 361 961 383 et

176 414 243 440 quos
266 406 341 440 prius
364 405 469 431 daemon
494 404 663 432 distrahebat
690 408 716 430 et
740 402 888 433 avocabat,
913 409 959 428 eos

176 453 233 487 ipse
259 452 338 486 digne
364 459 411 486 per
438 451 517 477 sidem
542 451 569 477 in
592 450 675 477 coelos
697 448 822 476 studebat
843 447 959 474 mittere.

175 500 240 534 Ejus
257 508 320 526 vero
346 499 499 526 sanctitatis
522 497 592 523 sama
608 496 690 530 398
706 499 798 529 postea
821 493 899 527 longe
918 492 959 518 la-

174 554 253 581 teque
270 550 412 581 pervagata
427 549 480 572 cst.
504 544 597 578 ltaque
612 551 666 569 non
687 542 784 576 exigua
808 540 898 575 populi
914 539 959 574 qui

175 594 261 620 tidelis
276 597 334 620 erat
350 591 495 618 multitudo
519 590 630 624 dignum
652 595 731 618 eum,
753 595 831 621 quem
854 587 960 620 episco-

173 647 236 674 pum
258 638 377 667 haberet.
395 637 516 671 putabat.
538 635 583 661 Sic
605 641 670 668 ergo
691 633 818 666 deinceps
831 631 960 658 ecclesia-

174 686 233 712 stici
249 685 350 719 gradus
366 683 465 710 divinis
481 681 622 715 obsequiis
640 687 671 706 ac
691 679 851 706 muneribus
867 678 959 705 distri-

173 731 288 758 buendis
306 731 438 760 intentus,
455 732 480 755 et
495 734 661 754 consecrans
679 725 807 760 probatos
823 724 957 755 homines,

174 781 202 803 nt
219 776 317 811 dignos
332 780 357 802 et
372 775 484 801 idoneos
507 773 540 800 ad
564 772 676 808 gradum
695 770 882 806 promovebat.
906 769 958 796 Sed

1012 174 1070 199 νέον
1085 175 1113 200 ἐν
1127 176 1159 209 τῇ
1176 175 1289 210 ἀληθείᾳ
1308 175 1354 201 τοῦ
1369 176 1534 210 Εὑαγγελίου
1555 179 1742 213 δεδιδαγμένον
1755 180 1794 206 τῶ

1012 219 1080 254 ἁγίῳ
1101 218 1176 251 αὖθις
1198 222 1256 247 ἐκεῖ
1277 221 1442 256 βαπτίσματι
1459 223 1641 256 κατεφὼτισεν
1657 224 1721 259 (66).
1749 207 1793 251 Ἐν

1011 265 1066 299 ὅσῳ
1078 265 1105 291 δὲ
1121 265 1134 290 ὁ
1151 265 1283 300 μακάριος
1298 265 1366 301 ἀνὴρ
1378 266 1482 301 ἡμέρας
1498 267 1543 292 καὶ
1559 268 1653 299 νυκτὸς
1669 269 1794 294 διδασκα-

1011 309 1098 342 λικαῖς
1115 312 1297 346 συνεστήσατο
1311 311 1461 343 εὐσεὸείαις
1475 312 1524 347 τὴν
1541 313 1660 348 πληθὺν,
1678 314 1724 340 καί
1745 314 1792 340 τοῦ

1012 356 1127 391 Χριστοῦ
1143 358 1157 382 ὁ
1172 357 1236 388 λαὸς
1251 358 1282 383 ἐκ
1298 357 1344 383 τοῦ
1357 357 1469 393 ἀρχαίου
1485 358 1581 393 ἐχθροῦ
1596 360 1642 385 τοῦ
1656 361 1793 395 φάρυγγος

1012 403 1149 439 ἐλυτρώθη
1161 424 1167 435 ,
1182 404 1228 435 οὓς
1243 404 1376 439 κατέσυρε
1389 404 1420 430 τὸ
1444 405 1508 441 πρὶν
1521 407 1534 432 ὁ
1550 406 1648 442 Βελίαρ
1660 428 1666 438 ,
1682 408 1793 438 τούτους

1011 449 1092 482 ἀξίως
1117 449 1298 485 παραπέμψαι
1321 451 1360 481 είς
1382 450 1445 482 τοὺς
1463 451 1592 486 οὐρανοὺς
1613 452 1656 478 διὰ
1677 453 1726 488 τῆς
1750 454 1794 479 πί-

1012 504 1096 526 στεως
1119 496 1132 521 ὁ
1157 496 1232 529 ἅγιος
1254 495 1366 521 ἔσπευδε
1382 504 1388 510 ·
1411 496 1488 531 φήμη
1512 497 1540 522 δὲ
1565 497 1614 531 τῆς
1641 498 1793 532 ἁγιωσύνης

1010 539 1091 566 αὐτοῦ
1116 541 1155 571 εἰς
1177 540 1262 574 μῆκος
1288 540 1333 565 καὶ
1357 540 1456 571 πλάτος
1478 539 1554 572 αὖθις
1577 541 1706 576 ἐξεχύθη·
1725 541 1793 567 ὥστε

1008 585 1059 610 οὐκ
1074 585 1149 619 ὀλίγη
1166 584 1219 610 τῶν
1234 584 1337 610 πιστῶν
1351 585 1398 610 τοῦ
1413 585 1477 611 λαοῦ
1493 586 1613 620 ἄθροισις
1628 586 1702 619 ἄξιον
1715 587 1794 612 αὐτὸν

1010 629 1133 662 ἐδόξασεν
1150 630 1296 656 ἐπίσκοπον
1310 631 1390 666 ἔχειν.
1403 631 1494 663 Οὕτως
1509 630 1554 658 οὖν
1569 632 1636 667 μετὰ
1649 632 1735 658 ταῦτα
1747 633 1793 659 τοῦ

1010 675 1145 710 ἱερατικοῦ
1164 675 1267 710 βαθμοῦ
1289 677 1348 707 ταῖς
1373 676 1458 707 θείαις
1484 677 1645 712 ὑπουργίαις
1670 677 1792 712 διαδότης

1011 722 1055 748 καὶ
1078 723 1196 756 ἁγιάζων
1221 722 1437 758 δεδοκιμασμένα
1463 724 1595 758 πρόσωπα
1606 744 1612 755 ,
1639 724 1676 754 ὼς
1702 724 1792 755 ἀξίους

1009 768 1264 804 γενομένουςὲαυτῷ
1279 770 1318 800 εἰς
1333 769 1436 804 βαθμὸν
1451 770 1560 805 ἀνῆκεν,
1577 770 1644 795 Ἀλλ’
1661 771 1674 795 ὁ
1691 770 1792 805 Κύριος

172 821 304 847 Dominus
320 823 413 846 noster
427 817 508 845 Jesus
530 816 672 848 Christus,
697 814 743 849 qui
763 812 885 848 Dionysii
905 812 957 839 viri
972 809 993 835 B
1007 814 1086 850 ἡμῶν
1116 815 1219 849 Ἰησοῦς
1241 815 1368 850 Χριστὸς,
1393 816 1407 841 ὁ
1428 815 1467 850 τῷ
1495 816 1695 851 μακαριωτάτῳ
1717 816 1793 850 ἀνδρὶ

172 864 338 895 beatissimi,
365 869 394 890 ut
409 863 504 898 positae
528 862 556 888 in
572 860 737 888 candelabro
758 860 892 889 lucemoe,
916 857 958 883 sa-

171 919 243 937 mam
260 911 345 936 latere
361 910 440 936 etiam
455 916 509 935 non
524 907 690 942 patiebatur.
714 905 740 931 in
762 912 856 931 eorum
876 903 922 938 qui
943 910 958 929 a

171 956 301 991 religione
316 959 411 982 nostra
426 954 608 981 abhorrebant
621 952 759 979 mentibus
770 971 776 983 ,
792 951 851 985 ejus
867 951 957 977 lumen

172 1002 240 1028 radii
260 1002 350 1036 specie
368 1000 510 1032 adhibuit,
527 1002 673 1032 tantasque
692 1005 741 1032 per
760 1005 820 1024 eum
843 996 957 1023 virtutes

171 1048 228 1074 lieri
253 1047 354 1078 voluit,
381 1050 410 1072 ut
435 1044 598 1071 infestarum
621 1043 817 1076 rebelliumque
838 1041 957 1076 gentium

173 1093 274 1123 corda,
288 1101 342 1119 non
358 1092 448 1119 minus
465 1097 546 1125 quam
563 1097 656 1116 earum
667 1109 674 1118 .
690 1088 790 1123 quibus
804 1087 957 1113 nuntiatum

170 1148 229 1170 erat
248 1141 434 1176 Evangelium,
453 1139 612 1166 instituerit.
629 1137 720 1171 Itaque
736 1136 795 1170 ejus
811 1135 957 1162 virtutibus

170 1197 201 1215 ac
209 1188 348 1215 miraculis
356 1186 477 1222 quotidie
488 1184 770 1212 corroborabanturet
777 1181 956 1211 addebantur,

170 1240 199 1261 ut
215 1241 246 1260 eo
264 1237 403 1267 tempore,
421 1239 483 1259 cum
498 1231 555 1257 baec
572 1231 605 1256 ab
620 1229 697 1256 initio
713 1228 783 1254 tacta
799 1231 872 1254 sunt.
889 1226 957 1252 Tum

170 1286 259 1307 autem
275 1279 361 1307 sancti
375 1279 444 1310 viri,
465 1281 493 1304 ut
507 1285 559 1304 vox
576 1275 720 1303 clamantis
732 1294 738 1306 ,
757 1275 836 1308 longe
851 1274 958 1307 lateque

170 1329 314 1360 pervagata
329 1324 448 1351 nominis
466 1323 524 1357 ejus
542 1322 631 1354 sama,
651 1321 687 1347 ita
705 1320 839 1347 celebrata
854 1323 912 1349 est,
929 1323 958 1344 ut

168 1374 247 1399 etiam
257 1371 434 1401 Domitianus,
445 1370 490 1404 qui
504 1367 641 1396 secundus
658 1371 719 1401 post
729 1365 863 1392 Neronem
875 1364 957 1391 Chri-

168 1420 271 1447 stianos
281 1418 436 1453 exagitavit,
445 1425 506 1443 eum
515 1416 547 1442 ad
560 1416 622 1443 sein
633 1413 761 1449 palatium
778 1419 856 1439 suum
865 1411 958 1438 venire

165 1464 288 1498 jusserit.
313 1463 438 1497 Idemque
467 1465 541 1487 tanta
571 1459 718 1486 iracundize
750 1457 956 1490 atrocitatisque

168 1511 241 1537 rabie
258 1510 371 1540 exarsit,
389 1513 419 1535 ut
435 1508 592 1542 imperaret,
607 1510 635 1532 ut
655 1505 808 1538 ubicunque
821 1503 955 1529 Christia-

167 1562 231 1581 num
241 1555 408 1588 aliquemaut
420 1553 528 1586 ipseaut
539 1551 580 1577 sui
591 1548 800 1580 invenirent‚vel
817 1551 846 1573 ut
861 1547 957 1572 immo-

167 1599 390 1634 laretinquinatis
404 1597 583 1625 daemonibns,
594 1594 804 1629 persuaderent,
815 1593 858 1618 vel
873 1591 956 1618 variis

168 1645 313 1672 tormentis
336 1645 473 1678 objectum
498 1642 579 1668 morti
606 1640 703 1675 gladiis
730 1639 878 1666 traderent.
907 1636 955 1663 His

167 1699 231 1718 vero
247 1691 351 1725 legibus
367 1698 428 1717 cum
446 1688 497 1715 sibi
516 1694 613 1722 genera
638 1686 767 1712 inclinata
787 1684 953 1718 subegisset.

167 1745 265 1772 magna
291 1736 392 1763 Christi
415 1734 503 1762 servis
527 1736 622 1759 coorta
645 1736 686 1759 cst
709 1731 879 1766 persecutio,
897 1737 956 1764 quae

167 1784 199 1809 ad
226 1791 273 1809 cos
297 1782 343 1817 qui
369 1782 424 1808 illie
446 1784 544 1811 erant,
568 1778 743 1813 pertinebat:
771 1777 869 1811 quippe
893 1783 955 1802 cum

168 1829 241 1856 nulla
265 1836 379 1863 prorsus
402 1825 544 1861 praescntis
568 1824 629 1850 vitre
649 1831 752 1854 usura,
778 1823 811 1848 iis
833 1821 878 1856 qui
906 1829 955 1856 pro

166 1876 276 1902 Christo
294 1876 448 1903 certarent,
468 1871 674 1898 concederetur.
699 1868 790 1903 Neque
811 1867 882 1893 enim
906 1868 956 1893 aliss

167 1928 219 1954 qua
245 1919 348 1946 sanctis
375 1916 543 1952 martyribus
566 1914 728 1949 suppetebat
746 1913 877 1940 libertatis
899 1912 955 1939 sive

167 1967 308 1996 defensio,
337 1965 393 1991 sive
419 1962 584 1998 deprecatio.
611 1961 766 1993 Quinetiam
790 1967 885 1985 omnes
909 1958 955 1992 qui

167 2012 248 2039 edicti
266 2011 354 2039 scelus
367 2015 392 2036 et
407 2011 573 2044 impietatem
587 2006 787 2037 observabant,
803 2004 874 2039 quod
889 2004 955 2038 ipsis

168 2066 182 2084 a
198 2058 307 2084 Caesare
322 2056 510 2091 praescriptum
525 2058 598 2086 erat,
615 2053 688 2080 nulla
706 2060 737 2079 ex
753 2055 831 2086 parte
853 2050 955 2076 violare

168 2104 314 2130 audebant.
343 2101 415 2128 Misit
445 2104 578 2134 praeterea
603 2099 773 2125 delectorum
800 2095 955 2123 multitudi-

168 2194 323 2221 Occidcntis
339 2192 479 2226 regiones,
496 2190 542 2224 qui
559 2190 629 2215 hunc
645 2192 769 2216 sanctum
786 2187 873 2213 virum
889 2186 954 2212 Dio-

168 2240 275 2275 nysium
290 2240 452 2273 quaerercnt,
469 2240 506 2267 ct,
524 2235 545 2261 si
563 2237 685 2269 possent,
695 2233 856 2263 invenirent,
868 2235 896 2257 ut
912 2230 953 2257 vel

168 2287 256 2314 edicto
272 2283 444 2319 imperatoris
461 2281 551 2308 verbis
573 2285 599 2307 et
622 2280 703 2306 minis
725 2279 859 2305 adductus
877 2285 953 2311 pare-

169 2336 209 2357 ret
225 2352 231 2362 ,
251 2331 303 2361 vel,
321 2330 343 2356 si
360 2329 461 2359 nollet,
478 2325 617 2361 suppliciis
634 2324 773 2351 immensis
790 2324 954 2357 discerpere-

169 2380 224 2407 tur,
241 2376 281 2402 rel
299 2374 379 2400 morti
393 2372 489 2407 capitis
504 2371 664 2406 praecisionc
680 2369 863 2396 occumberet.

205 2470 261 2496 lloc
282 2468 414 2503 principis
432 2467 521 2495 edicto
546 2466 733 2501 promulgato,
757 2465 834 2499 plebs
849 2464 953 2491 Gallica

171 2516 306 2541 concessit
319 2515 457 2548 suscipere
470 2518 610 2548 tyrannos,
635 2516 663 2538 ut
677 2519 724 2545 per
737 2511 802 2537 lines
818 2519 882 2537 suos
897 2512 953 2537 sive

170 2562 283 2587 vicinias
300 2565 441 2595 penetrare
456 2563 578 2594 possent.
597 2559 628 2585 Et
646 2567 707 2585 mox
721 2558 792 2585 beati
814 2558 887 2584 illius
902 2557 951 2583 viri

171 2608 275 2633 celebre
300 2615 395 2633 nomen
423 2607 488 2641 ipsis
511 2607 678 2633 declaratum
701 2609 752 2631 cst.
771 2605 815 2631 Sic
837 2612 902 2638 ergo
923 2608 952 2630 ut

171 2653 211 2679 eis
236 2653 420 2686 praescriptum
444 2651 549 2682 suerat,
570 2651 713 2677 celerrimo
735 2658 835 2681 cursu,
859 2655 952 2683 parato

171 2698 278 2727 ιιιιίιιιιι,
295 2696 376 2730 399
391 2697 464 2721 vultu
482 2697 555 2722 varie
579 2700 693 2726 mutato,
714 2695 846 2721 Lutetiam
876 2694 952 2720 Pari·-

171 2743 270 2768 siorum
289 2741 420 2775 ingrcssi,
441 2741 495 2765 illic
514 2745 638 2766 sans-turn
658 2741 744 2766 virum
761 2741 833 2765 hnnc
850 2739 951 2773 Diony-

167 2788 236 2813 sium
265 2788 423 2813 'utitem-runt
455 2793 515 2812 cum
540 2787 636 2812 alicnis
660 2795 672 2812 a
698 2787 827 2820 religione
858 2789 949 2811 nostra

971 1476 991 1504 C

1009 861 1138 895 Διονυσίῳ
1155 861 1191 895 μὴ
1207 861 1354 896 συγχωρῶν
1371 861 1411 887 ἔτι
1425 861 1474 896 τὴν
1489 862 1583 896 φήμην
1599 861 1770 896 κρύπτεσθαι
1784 882 1791 893 ,

1007 906 1044 937 ὡς
1058 905 1161 932 τεθέντι
1177 906 1265 941 λύχνῳ
1279 906 1324 932 ἐπὶ
1341 906 1461 941 λυχνίαν,
1478 908 1505 932 ἐν
1520 908 1579 937 ταῖς
1598 907 1651 932 τῶν
1673 907 1793 933 ἀπίστων

1008 951 1136 983 διανοίαις
1150 952 1178 977 τὸ
1197 951 1255 986 φῶς
1272 952 1354 978 αὐτοῦ
1370 952 1542 984 ἁκτινοειδῶς
1562 952 1695 987 παρέθετο
1711 972 1718 983 ,
1746 952 1792 978 καὶ

1007 998 1140 1030 τοσαύτας
1157 999 1189 1024 δι’
1211 998 1292 1025 αὑτοῦ
1316 999 1468 1033 κατηξίωσε
1501 999 1627 1032 γενέσθαι
1651 999 1697 1025 καὶ
1714 999 1794 1024 δυνά-

1011 1053 1089 1079 μεις,
1113 1045 1154 1070 ὅτι
1179 1044 1234 1070 τῶν
1260 1044 1396 1079 πολεμίων
1422 1044 1507 1070 ἐθνῶν
1533 1044 1583 1075 τὰς
1609 1044 1722 1079 καρδίας
1745 1044 1795 1069 οὐκ

1008 1091 1116 1117 ἔλαττον
1141 1090 1195 1116 τῶν
1222 1089 1472 1124 εὐαγγελιζομένων
1495 1078 1645 1121 ἀνέδειξεν·
1665 1089 1734 1115 ὼστε
1765 1088 1794 1120 ἐξ

1008 1138 1097 1164 αὐτῶν
1123 1137 1177 1163 τῶν
1203 1137 1346 1172 δυνάμεων
1374 1137 1420 1164 καὶ
1448 1136 1606 1171 θαυμασίων
1631 1136 1713 1162 αὑτοῦ
1732 1136 1793 1162 καθ’

1008 1184 1113 1218 ἡμέραν
1145 1183 1356 1217 ἐνδυναμοῦσθαι
1395 1182 1441 1209 καὶ
1484 1181 1679 1216 προστίθεσθαι
1716 1181 1793 1216 δίκην

1008 1229 1054 1255 τοῦ
1073 1229 1168 1264 καιροῦ
1180 1248 1187 1259 ,
1204 1229 1249 1254 ὅτε
1275 1228 1362 1255 ταῦτα
1379 1228 1409 1260 ἐξ
1426 1228 1553 1263 ὑπαρχῆς
1578 1227 1712 1261 ἐγένοντο.
1740 1228 1793 1253 Τοῦ

1009 1274 1085 1307 ἁγίου
1102 1275 1129 1299 δὲ
1147 1274 1242 1309 ἀνδρὸς
1257 1294 1263 1305 ,
1287 1274 1323 1305 ὡς
1347 1273 1421 1309 φωνὴ
1439 1273 1562 1308 βοῶντος,
1581 1275 1620 1305 εἰς
1638 1275 1724 1309 μῆκος
1747 1274 1793 1300 καὶ

1009 1321 1109 1350 πλάτος
1137 1319 1297 1354 ἐκχυθείσης
1324 1320 1374 1354 τῆς
1401 1320 1495 1355 φήμης
1518 1319 1565 1345 τοῦ
1583 1320 1728 1354 ὀνόματος,
1747 1320 1793 1346 ἐπὶ

1008 1365 1132 1391 τοσοῦτον
1149 1364 1297 1399 διαλάμψαι
1320 1365 1381 1391 τότε
1394 1384 1401 1396 ,
1418 1365 1455 1395 ὡς
1473 1365 1518 1391 καὶ
1535 1365 1695 1399 Δομετιανὸν
1713 1365 1767 1400 (67)
1784 1386 1792 1397 ,

1008 1412 1053 1438 τὸν
1079 1412 1140 1438 τότε
1170 1411 1215 1437 τὸν
1245 1411 1370 1447 δεύτερον
1395 1411 1450 1437 τῶν
1479 1411 1647 1446 Χριστιανῶν
1676 1411 1793 1446 διωγμὸν

1008 1458 1159 1493 ποιήσαντα
1192 1457 1260 1492 μετὰ
1285 1458 1399 1492 Νέρωνα
1412 1477 1418 1489 ,
1453 1456 1578 1483 κελεῦσαι
1612 1457 1696 1483 ἐλθεῖν
1726 1457 1792 1492 πρὸς

1008 1504 1088 1530 αὐτὸν
1116 1504 1155 1534 εἰς
1182 1503 1231 1538 τὴν
1258 1503 1340 1538 αὐλὴν
1367 1502 1448 1528 αὑτοῦ
1468 1511 1474 1517 ·
1492 1503 1567 1534 ὅστις
1593 1504 1633 1534 εἰς
1659 1503 1792 1538 τοσαύτην

1007 1550 1107 1576 λύσσαν
1134 1549 1307 1584 ἀναξιότητος
1335 1549 1438 1584 ἐξήφθη
1468 1550 1513 1575 καὶ1
1541 1549 1689 1584 παρήχθη,
1720 1549 1791 1575 ὥστε

1007 1595 1171 1630 προστάξαι,
1193 1595 1251 1627 ἵνα,
1288 1596 1352 1621 ὅπου
1382 1595 1404 1620 δ’
1427 1595 1458 1621 ἂν
1483 1595 1641 1629 Χριστιανὸν
1664 1604 1725 1621 τινα
1747 1595 1791 1620 εῦ-

1008 1649 1097 1676 ροιεν,
1130 1640 1210 1671 αὐτὸς
1237 1640 1252 1674 ἣ
1283 1641 1306 1666 οἱ
1325 1640 1406 1666 αὐτοῦ
1422 1660 1429 1670 ,
1454 1640 1567 1674 ἢθῦσαι
1597 1641 1791 1675 μεμιασμένοις

1007 1687 1127 1712 πείσαιεν
1139 1706 1145 1717 ,
1163 1686 1179 1720 ἢ
1198 1686 1332 1717 ποικίλαις
1359 1685 1484 1720 βασάνοις
1510 1687 1694 1721 περιπεσόντα
1708 1707 1715 1717 ,
1743 1686 1791 1712 θα-

1006 1732 1077 1766 νάτῳ
1097 1731 1232 1766 μαχαίρας
1244 1731 1437 1766 παραδοθῆναι.
1462 1731 1572 1763 Τούτοις
1585 1732 1612 1758 δὲ
1628 1734 1684 1763 τοῖς
1700 1733 1792 1767 νόμοις

1007 1778 1141 1810 ὑποτάξας
1166 1777 1253 1812 ἑαυτῷ
1279 1778 1344 1812 γένη
1370 1777 1516 1812 κεκλιμένα
1539 1778 1613 1812 (68),
1634 1779 1719 1813 μέγας
1735 1780 1791 1810 τοῖς

1005 1823 1052 1849 τοῦ
1070 1823 1186 1858 Χριστοῦ
1203 1822 1305 1854 δούλοις
1325 1823 1432 1856 ἐγένετο
1450 1823 1567 1858 διωγμὸς
1585 1825 1613 1849 ἐν
1629 1825 1685 1854 τοῖς
1703 1825 1790 1849 ἐκεῖσε

1007 1869 1173 1905 περιτρέχων
1187 1889 1193 1900 ,
1211 1869 1337 1904 οὐδεμιᾶς
1354 1871 1409 1900 τοῖς
1426 1869 1470 1895 διὰ
1487 1869 1604 1904 Χριστὸν
1621 1869 1789 1904 ἀγωνιζομέ-

1006 1925 1060 1947 νοις
1077 1915 1149 1949 ζωῆς
1167 1914 1394 1949 συγχωρουμένης
1411 1914 1454 1940 διὰ
1474 1915 1564 1949 πάσης
1582 1923 1588 1929 ·
1607 1915 1718 1949 οὐδεμία
1737 1915 1790 1949 γὰρ

1005 1962 1059 1988 τῶν
1085 1962 1169 1996 ἁγίων
1198 1960 1343 1996 μαρτύρων
1370 1961 1475 1996 ὑπῆρχε
1499 1960 1664 1996 παραίτησις
1682 1961 1789 1987 ἐλευθε-

1008 2009 1067 2044 ρίας
1085 2016 1091 2022 ·
1111 2006 1177 2033 ἀλλὰ
1196 2007 1242 2032 καὶ
1260 2006 1359 2037 πάντες
1385 2008 1408 2032 οἱ
1432 2006 1514 2032 αὑτοῦ
1531 2006 1579 2040 τὴν
1596 2006 1720 2032 ἀσέίῖειαν
1738 2016 1788 2040 φυ-

1006 2054 1147 2083 λάττοντες
1162 2052 1209 2078 τοῦ
1227 2052 1361 2086 δόγματος
1374 2072 1380 2083 ,
1399 2052 1469 2086 ὅπερ
1487 2052 1726 2086 προστεταγμένον
1743 2053 1789 2078 αὺ-

1005 2100 1060 2129 τοῖς
1078 2098 1130 2123 ὑπὸ
1147 2098 1194 2123 τοῦ
1212 2097 1351 2131 Καίσαρος
1368 2096 1409 2131 εἴη
1423 2116 1430 2127 ,
1455 2096 1606 2131 ὑπερδῆναι
1627 2096 1669 2122 διὰ
1690 2097 1788 2128 παντὸς

1008 2191 1127 2225 μεγάλης
1146 2190 1209 2224 βοῆς
1236 2190 1281 2216 καὶ
1299 2189 1430 2224 ἁπηνείας
1447 2190 1502 2219 τοῖς
1522 2188 1630 2223 μέρεσιν
1648 2188 1787 2214 ἀπέστειλε

1004 2235 1096 2269 πάσης
1114 2235 1163 2269 τῆς
1180 2235 1282 2265 δύσεως
1296 2254 1302 2265 ,
1330 2235 1403 2265 ὅπως
1429 2234 1473 2259 τὸν
1492 2234 1568 2267 ἅγιον
1591 2233 1672 2268 ἄνδρα
1694 2233 1788 2259 τοῦτον

1003 2281 1139 2307 Διονύσιον
1157 2279 1354 2314 ἀναζητοῦντες
1371 2280 1485 2315 εὕροιεν,
1515 2280 1538 2304 εἰ
1559 2278 1706 2313 δυνηθῶσιν
1719 2300 1725 2311 ,
1744 2279 1787 2305 ἰ’να

1003 2327 1019 2362 ἢ
1041 2327 1075 2352 τὰ
1092 2327 1290 2362 προστάγματα
1306 2325 1353 2352 τοῦ
1377 2324 1577 2358 ἑξουσιάζοντος
1604 2325 1658 2359 (69)
1686 2325 1787 2360 ἐκπλη-

1005 2373 1089 2408 ρῶσαι
1102 2373 1240 2403 πείσωσιν,
1252 2373 1268 2407 ἣ
1285 2372 1427 2407 τιμωρίαις
1438 2371 1473 2406 μή
1492 2371 1658 2405 βουλομένων
1671 2372 1788 2406 σπαράτ-

1003 2418 1096 2444 τεσθαι
1110 2418 1272 2453 ἀμετρήτοις
1286 2418 1351 2451 (70),
1364 2414 1379 2449 ἢ
1394 2416 1442 2450 τὴν
1455 2415 1573 2450 κεφαλὴν
1585 2417 1784 2450 ἀποτμηθῆναι.

1039 2464 1115 2491 Μετὰ
1131 2464 1159 2489 δὲ
1175 2464 1260 2489 ταῦτα
1281 2463 1314 2489 τὰ
1337 2462 1532 2498 προστάγματα
1548 2461 1595 2486 τοῦ
1620 2462 1746 2497 ἄρχοντος
1772 2462 1786 2487 ὀ

1003 2510 1079 2544 ὄχλος
1103 2509 1298 2545 προσδέξασθαι
1319 2509 1368 2542 τῆς
1386 2507 1517 2541 Γαλλικῆς
1546 2508 1702 2542 συναπήχθη
1723 2508 1786 2538 τοῦς

1003 2555 1161 2588 τυράννους,
1180 2554 1225 2580 τοῦ
1243 2554 1354 2579 διελθεῖν
1367 2554 1395 2578 ἐν
1406 2554 1462 2584 τοῖς
1475 2554 1607 2588 συνορίοις
1618 2554 1706 2579 αὐτῶν
1718 2554 1783 2587 (71)-

1004 2601 1049 2626 καὶ
1066 2600 1202 2635 παρευθὺς
1219 2599 1266 2625 τοῦ
1286 2598 1418 2633 μακαρίου
1437 2598 1543 2624 ἐκείνου
1561 2598 1656 2634 ἀνδρὸς
1674 2598 1704 2624 τὸ
1721 2598 1785 2624 ἐπά-

1004 2646 1057 2677 ξιον
1083 2646 1167 2679 ὄνομα
1193 2644 1351 2677 ἐνεφανίσθη
1375 2644 1463 2674 αὐτοῖς
1482 2644 1547 2677 (72).
1576 2643 1667 2674 Οῦτως
1685 2642 1730 2669 οὖν
1747 2643 1784 2674 ὡς

1004 2692 1094 2722 αὐτοῖς
1122 2692 1229 2724 ἐγένετο
1256 2690 1509 2724 προστεταγμένον,
1537 2689 1656 2724 ταχίστῳ
1673 2689 1783 2723 δρόμῳ,

1004 2738 1134 2772 προθύμῳ
1155 2736 1251 2771 καρδίᾳ
1269 2736 1313 2761 καὶ
1330 2735 1501 2769 ’ἱ-,λλοιωμένῳ
1520 2735 1655 2769 προσώπῳ
1673 2735 1726 2768 (77))
1744 2734 1784 2765 εἰς

1006 2784 1136 2819 limesia-t
1154 2783 1317 2813 είσ;λθόντες
1332 2803 1338 2813 ,
1358 2783 1444 2808 {miz
1462 2782 1508 2807 τον
1527 2782 1599 2815 ’σίγιον
1617 2782 1698 2816 ἄνδρα
1722 2790 1783 2807 του-
