1860 2961
173 84 219 111 791
754 88 781 115 S.
802 88 947 115 DlONYSll
964 88 1192 118 AREOPAGlTAE
1731 97 1782 123 792

170 150 265 168 eorum
287 143 440 176 exemplum
459 143 484 168 in
503 143 634 169 Grzeeiam
647 164 654 174 ‚
673 152 703 170 ae
721 146 855 180 praecipue
874 146 991 173 Athenas
1009 146 1041 172 ad
1059 153 1189 181 cognatos
1206 152 1232 174 et
1249 148 1466 183 consanguineos
1483 158 1557 182 suos,
1575 151 1697 185 aliosque
1714 152 1780 179 side-

172 177 210 204 lcs
228 178 433 204 transmitteret.
453 177 553 212 Nempe
570 179 715 212 gloriosam
732 182 856 214 generosi
875 182 972 215 pugilis
989 189 1105 215 pugnam
1122 187 1148 208 et
1166 183 1306 208 victoriam
1325 192 1377 209 non
1396 185 1482 210 solum
1500 193 1596 220 magno
1614 187 1667 213 illis
1683 189 1781 221 gaudio

172 213 240 243 l'ore,
258 213 303 239 sed
322 213 422 238 ellit-aei
441 213 521 238 etiam
540 214 573 239 ad
592 214 667 247 paria
685 216 806 241 audenda
825 217 1011 248 incitamento,
1030 218 1070 242 vir
1088 217 1166 252 longe
1183 217 1402 251 sapientissimus
1419 220 1561 246 sentiebat.
1581 220 1650 247 Hinc
1667 223 1747 247 etiam
1766 232 1779 249 a

171 248 266 280 primis
285 247 411 274 Ecclesiae
428 248 513 274 initiis
532 249 586 281 (55)
605 249 717 276 invaluit
740 251 784 276 illa
802 254 827 276 et
846 251 934 276 adhue
953 252 1111 284 perennavit
1135 253 1303 278 consuetudo
1316 272 1323 283 ,
1347 253 1459 279 illustria
1478 260 1624 289 martyrum
1643 260 1701 282 acta
1719 265 1780 291 pei>-

169 282 316 312 scribendi.
336 288 416 316 atque
433 283 466 308 ad
483 288 590 309 exteras
607 285 759 318 provincias
777 285 903 311 traici-nze
921 285 1050 312 instinctu
1067 287 1207 314 charitatis
1220 307 1226 318 ‚
1244 291 1270 313 et
1288 288 1377 314 studio
1395 289 1491 315 similis
1508 290 1644 322 profectus
1660 292 1779 318 circum-

169 325 278 351 quaque
295 317 458 344 dimittendi.
487 318 595 344 Utinam
614 323 704 346 autem
722 320 778 346 haec
791 340 797 349 ,
817 320 849 346 ‹le
866 321 963 354 quibus
982 321 1118 355 loquitur,
1138 326 1197 348 acta
1224 329 1296 348 nunc
1323 325 1476 350 exstarent!
1504 324 1565 351 Sive
1581 326 1651 351 enim
1670 331 1780 361 propter

171 352 290 387 Dionysii
309 360 415 379 sacrum
435 353 566 384 laborem,
585 354 641 381 sive
659 359 767 389 propter
782 355 902 389 Eutropii
921 356 1044 390 egregias
1062 357 1165 388 laudes,
1178 364 1258 391 quam
1276 365 1348 383 nune
1366 360 1461 385 merito
1478 359 1641 394 deploranda
1658 367 1699 388 est
1716 363 1779 387 isto-

169 395 229 413 rum
247 391 370 413 actorum
385 387 503 421 jactura,
522 393 576 415 tam
593 396 608 416 e
624 390 912 423 cotiti··.1riojuv;iretet
929 391 1080 418 stimularet
1097 392 1224 419 salutaris
1236 392 1392 420 eorumdem
1411 393 1492 420 lectio
1508 399 1588 428 atque
1605 395 1710 423 notitia.
1725 397 1778 423 Sed

168 422 211 448 liis
229 423 331 448 relictis
343 442 349 453 ‚
369 430 429 456 quae
446 423 546 450 habere
572 431 626 450 non
644 432 807 458 possumus,
827 426 860 451 ad
888 425 1085 459 respiciendam
1103 427 1230 461 gratioris
1256 427 1317 453 coeii
1335 428 1506 455 serenitatem
1523 437 1603 464 quam
1621 429 1735 464 disjecto
1752 436 1778 458 et

167 457 300 483 distracto
318 457 400 491 hujus
412 459 580 492 tempestatis
597 464 764 486 commotore
780 460 942 491 Domitiano,
962 468 1017 487 sure
1034 461 1161 488 Ecclesiae
1177 462 1295 488 reddidit
1312 470 1391 488 verus
1408 467 1434 490 et
1452 464 1525 490 solus
1542 464 1683 497 Dominus,
1696 474 1778 494 verus

166 497 192 516 et
211 492 286 518 solus
301 492 370 519 Deus
388 493 478 526 (quam
497 494 568 520 enim
587 493 656 521 salso
674 495 730 521 haee
749 496 858 521 nomina
877 495 947 521 Deus
964 500 990 521 et
1006 495 1136 523 Dominus
1154 498 1326 531 usurpaverit
1344 501 1474 532 tyrannus
1494 499 1537 526 ille
1551 520 1557 530 ‚
1576 507 1657 533 opera
1674 500 1777 528 docue-

167 531 241 558 runt,
255 528 345 554 exitus
359 528 488 554 indicavit
506 528 592 563 [36])‚
611 537 672 555 eum
691 530 761 564 stylo
778 530 897 555 animum
916 530 1098 558 advertamus.
1118 531 1268 558 Domitiam
1288 532 1369 566 igitur
1386 534 1517 560 successit
1534 534 1636 565 Nerva,
1654 535 1704 561 hoc
1721 542 1775 569 est,

166 562 283 595 superbo
301 563 467 595 moderatus,
480 563 591 590 immani
610 565 804 597 perhumaims,
824 565 958 591 suecessit
973 571 1073 597 autem,
1092 567 1227 593 utmorbo
1240 568 1352 598 sanitas,
1372 572 1400 594 ut
1416 570 1488 594 nocti
1505 570 1572 599 dies,
1591 573 1620 594 ut
1638 571 1683 596 lux
1700 574 1776 597 tene-

166 597 232 622 bris.
253 597 318 623 Nam
336 603 392 624 tum
408 598 516 625 demum
535 599 657 625 illuxisse
680 599 807 626 Eccicsiae
827 600 931 625 clarum
947 600 1028 633 jubar
1041 601 1128 629 visum
1146 605 1198 632 est,
1215 610 1275 628 cum
1293 601 1379 628 Nerva
1401 603 1495 637 imper.
1514 605 1659 630 obductam
1677 606 1778 632 mundo

165 632 309 665 caliginem
324 633 379 667 (57)
398 641 453 659 suae
469 633 613 666 splendore
633 634 782 660 clementiae
799 635 953 668 dissipavit.
974 635 1054 662 Exire
1074 641 1129 663 tum
1153 636 1299 663 Christiani
1317 645 1332 663 e
1358 638 1493 670 latibulis,
1526 639 1607 674 480
1628 641 1725 666 reverti
1743 642 1777 667 ab

164 667 261 693 exsilio
278 668 458 697 confessores,
478 676 526 694 sua
540 676 701 702 recuperare
719 670 863 703 proscripti
881 678 887 694 :
906 670 938 695 ad
956 670 1050 697 solitos
1067 675 1154 698 coetus
1171 679 1291 698 remeare
1307 676 1333 698 et
1348 674 1492 700 convenire
1508 674 1598 700 fideles
1616 682 1662 708 per
1677 681 1776 701 metum

165 702 280 728 antehae
296 703 431 729 distracti.
446 702 513 729 Tum
527 707 554 729 et
570 702 688 730 Joaunes
707 704 763 738 ipse
774 725 781 735 ,
803 706 888 738 prima
907 713 979 731 nune
998 705 1125 733 Ecelesize
1141 706 1291 737 claritudo,
1309 711 1336 734 et
1353 715 1415 734 vere
1433 708 1503 735 silius
1519 709 1648 739 tonitrui,
1666 714 1778 744 aec-epto

165 737 298 764 divinitus
314 742 340 764 et
357 738 458 764 dictato
474 742 534 772 post
550 738 656 773 fulgura
676 743 702 765 et
721 743 838 766 tonitrua
857 739 1001 774 Evangelio
1013 741 1079 775 (58),
1091 741 1165 768 velut
1180 742 1249 768 alter
1262 741 1367 777 Moyses
1378 750 1392 769 e
1404 745 1542 774 monte,in
1555 750 1711 778 quemciun·
1723 745 1777 772 Deo

164 776 330 800 tractaturus
347 773 516 804 ascenderat.
534 773 685 804 deseendit,
709 775 856 808 relictaque
878 783 958 809 quam
979 775 1145 802 habitatione
1161 784 1210 803 sua
1227 777 1367 809 beaverat,
1387 778 1484 810 insula,
1502 783 1624 813 repetens
1641 778 1776 813 Ephesum

164 807 222 833 suis
237 815 266 834 se
284 808 400 834 reddidit
416 808 567 842 ‚totiesque
584 808 778 843 desideratum,
796 810 877 837 toties
894 811 1041 843 expetitum
1055 811 1110 844 jam
1128 811 1244 846 denique
1262 812 1434 847 Evangelium
1452 814 1595 848 evulgavit.
1614 813 1668 840 Nee.
1685 822 1774 842 mora:

163 841 287 869 differtur
304 851 352 877 per
368 844 458 870 onmia
477 844 582 878 piorum
598 851 645 870 ora
664 845 740 870 laetus
758 852 872 877 rumor;
891 846 937 871 sed
958 845 1103 880 Dionysius
1124 850 1186 873 ante
1211 855 1306 874 omnes
1329 848 1423 874 eodem
1447 857 1520 875 nunc
1544 849 1637 874 audire
1663 848 1776 882 sactum,

162 884 217 910 quo
234 877 354 904 futurum
372 879 447 912 prius
471 879 631 910 audiverat,
650 880 775 913 oraculo;
794 888 844 907 nee
861 880 949 906 celare
966 880 992 905 id
1014 888 1091 907 suain
1108 881 1230 915 plebem,
1249 882 1295 908 sed
1313 883 1470 916 praedicare,
1489 884 1536 910 sed
1554 883 1586 910 ad
1605 884 1705 917 gratias
1723 885 1778 912 Deo

162 912 281 946 agendas
298 913 427 940 excitare.
446 913 563 940 Prorsus
581 915 663 948 igitur
679 914 732 940 alia
747 915 802 948 jam
820 919 877 942 erat
895 914 1020 941 Ecclesia]
1038 916 1132 948 facies,
1148 924 1228 951 quam
1247 918 1327 950 paulo
1342 922 1403 944 ante
1417 923 1561 953 conspecta
1580 918 1684 951 sueram
1705 921 1776 951 laeta.

162 946 268 979 hilaris,
286 948 430 982 explicata,
449 949 550 976 amoris
567 953 594 975 et
610 949 714 976 fiduciae
731 951 808 984 plena
825 950 852 976 in
869 950 976 985 hymnis
994 956 1019 977 et
1034 951 1148 981 canticis
1165 952 1352 985 spiritualibus
1363 952 1417 979 Deo
1428 954 1533 983 devota,
1549 953 1699 988 procedens
1709 963 1776 989 quo-

161 981 227 1009 tidie
243 987 269 1009 et
283 990 421 1015 crescens,
440 984 496 1011 sive
513 984 556 1010 sui
570 984 655 1018 ipsius
673 985 857 1016 incrementis,
876 986 932 1012 sive
949 986 1153 1014 accessionibus
1170 987 1275 1014 alienis.
1293 988 1405 1022 Semper
1421 989 1492 1014 euim
1512 989 1632 1016 Ecclesia
1649 996 1776 1022 perseeu-

161 1017 246 1047 tione,
272 1018 343 1044 sicut
366 1019 427 1045 vitis
449 1020 599 1053 putatione,
622 1020 711 1046 laetius
730 1021 865 1054 provenit,
891 1020 973 1047 latius
996 1021 1110 1054 prolicit.
1127 1022 1183 1048 Hoc
1203 1022 1229 1048 in
1253 1024 1375 1056 prosectu
1394 1032 1478 1051 novos
1495 1025 1668 1055 sacerdotes,
1692 1033 1776 1052 novos

161 1052 303 1086 episcopos
319 1054 381 1088 vigil
399 1061 429 1080 ac
447 1054 558 1081 sedulus
576 1060 669 1088 pastor
683 1056 869 1083 crescentibus
882 1055 1012 1082 Ecclesiis
1023 1056 1167 1083 ordinavit.
1185 1056 1223 1082 Ex
1236 1058 1335 1091 quibus
1347 1057 1505 1085 Sanctinum
1521 1060 1552 1086 ad
1570 1059 1703 1087 Carnutes
1719 1061 1776 1095 (59)

160 1088 295 1122 tantisper
313 1089 339 1114 in
356 1089 406 1115 lide
424 1089 591 1117 roborandos
607 1090 690 1121 misit,
709 1090 825 1125 indeque
847 1091 986 1124 aliquanto
1010 1095 1071 1124 post
1094 1095 1216 1126 tempore
1232 1092 1408 1119 Meldensium
1426 1093 1553 1121 Ecclesiae
1570 1096 1698 1128 praefecit.
1716 1096 1775 1129 lpse

160 1126 250 1149 autem
266 1123 298 1149 ad
315 1124 454 1150 visendum
471 1124 602 1151 Joannem
619 1129 692 1152 totus
709 1126 799 1152 animo
818 1126 901 1160 serri};
919 1133 1003 1159 eaque
1022 1134 1050 1152 re
1064 1128 1222 1160 compositis
1242 1128 1365 1154 celeriter
1382 1128 1474 1155 Gattiae
1490 1130 1582 1160 rebus,
1597 1135 1623 1157 et
1640 1138 1776 1158 commen-

160 1157 222 1183 data
236 1157 305 1184 lideli
324 1160 422 1193 populo
433 1167 495 1194 erga
513 1160 677 1187 constitutos
690 1168 705 1186 a
721 1168 749 1187 sc
764 1161 915 1192 ministros,
934 1161 1039 1187 tantillo
1057 1169 1112 1188 suae
1129 1163 1258 1189 ahsentiae
1275 1164 1372 1197 spatio,
1385 1164 1498 1198 pristina
1509 1169 1535 1190 et
1552 1167 1688 1192 constanti
1708 1166 1773 1192 obe-

160 1192 271 1223 dientia,
291 1194 348 1227 ipso
366 1195 398 1220 ad
417 1195 467 1220 iter
483 1195 565 1229 (quod
578 1199 632 1221 tum
651 1195 798 1222 Christiani
810 1203 904 1224 omnes
917 1196 968 1229 piis
979 1197 1058 1227 votis,
1069 1204 1118 1224 nos
1129 1197 1226 1224 devoto
1235 1199 1304 1232 stylo
1317 1199 1371 1232 jam
1389 1201 1594 1235 prosequemur)
1604 1208 1633 1227 se
1647 1201 1772 1228 accinxit.

854 1306 1079 1335 NOTATIONES.

196 1362 250 1397 (⁶29)
267 1363 400 1397 sapi-emis
416 1365 560 1398 prce-sertim
570 1365 672 1398 imperii
688 1365 824 1391 sniarmis.
838 1365 939 1397 Quam-
954 1375 975 1403 Α
991 1374 1061 1396 rum,
1078 1366 1167 1391 nultos
1187 1365 1254 1391 alios
1269 1364 1380 1398 intelligi
1394 1384 1401 1395 ,
1421 1372 1500 1398 quani
1525 1365 1705 1399 Chrisssanos,
1726 1368 1773 1402 qui

159 1399 200 1425 vis
221 1399 254 1424 ah
269 1399 346 1425 initio
362 1400 416 1426 sere
440 1401 544 1434 imperii
560 1400 678 1426 erudelis
697 1400 866 1428 Domitianus
882 1402 939 1427 sue-

159 1434 205 1464 rit,
221 1441 282 1460 cum
299 1435 377 1461 annis
393 1439 482 1461 tamen
500 1439 527 1461 et
544 1443 594 1461 usu
611 1435 719 1462 saevitia:
734 1435 766 1461 ad
790 1441 938 1463 extremum

159 1476 245 1503 usque
261 1473 366 1503 tempus
383 1470 512 1504 prosccit;
527 1470 549 1496 si
563 1474 653 1497 tamen
672 1471 722 1496 hoe
742 1474 783 1497 est
798 1471 938 1504 prolicere,

159 1503 246 1537 magis
269 1505 409 1539 magisque
434 1506 459 1530 iu
485 1506 606 1532 homines
619 1506 765 1535 sieviendt),
784 1508 831 1532 toti
847 1508 938 1540 generi

159 1538 273 1565 officere.
296 1539 495 1567 l'erseeiitionis
511 1544 600 1567 autem
612 1541 638 1566 in
650 1541 820 1567 Christianos
833 1541 938 1568 initium

159 1574 304 1600 adnotatur
327 1575 453 1606 Eusebio,
473 1576 636 1610 Hieronymo
648 1580 674 1601 et
686 1576 757 1606 aliis,
771 1584 841 1602 anno
856 1577 939 1610 impe-

158 1608 191 1634 rii
206 1609 265 1641 ejus
276 1609 497 1644 decimoquarto.
514 1610 633 1637 Tametsi
649 1619 697 1637 nec
713 1612 739 1636 in
756 1619 787 1637 eo
804 1611 939 1637 defuerint

159 1648 223 1670 ante
238 1645 288 1669 hoe
304 1650 412 1679 tempus
426 1646 506 1672 etiam
524 1646 551 1671 in
566 1645 738 1672 Christianos
754 1646 826 1672 velut
841 1647 935 1680 praelu-

158 1678 201 1704 dia
217 1679 338 1712 quiedam
364 1682 550 1712 immanitatis,
572 1690 580 1705 ι
597 1681 642 1714 qui
663 1689 710 1715 per
725 1688 810 1708 annos
825 1682 939 1714 quinde-

158 1715 222 1743 cim,
240 1715 326 1748 inquit
352 1714 450 1742 Paulus
466 1716 595 1745 Orosius,
613 1716 646 1741 ad
670 1717 720 1742 hoe
749 1717 876 1750 paulatim
893 1725 939 1750 per

158 1757 252 1775 ouuws
269 1750 399 1776 scelerum
413 1752 512 1785 gradus
526 1752 621 1779 crevit,
633 1756 660 1776 ut
675 1751 938 1777 eoufirmatissimam

159 1787 214 1809 toto
233 1785 297 1810 orbe
315 1785 415 1811 Christi
431 1786 588 1817 Ecclesiam,
606 1786 676 1812 datis
692 1787 792 1819 uhiquc
807 1787 938 1813 crudelis-

158 1818 233 1845 simae
248 1821 443 1853 persecutionis
460 1821 564 1851 mitens,
577 1822 728 1847 convellere
743 1822 861 1847 auderet.
882 1832 890 1845 ι
906 1821 938 1847 Et

158 1853 227 1879 infra
247 1865 252 1878 .-
271 1862 279 1877 ε
299 1854 424 1889 ldemque
442 1857 568 1883 efferatus
593 1857 729 1890 superbia,
743 1864 795 1890 qua
811 1864 840 1883 se
856 1856 937 1883 Deum

157 1888 210 1914 coli
226 1889 315 1921 vellet,
329 1892 545 1925 persecutionem
562 1891 588 1917 iu
603 1891 772 1918 Christianos
787 1892 827 1925 agi
844 1900 939 1918 seeun-

157 1924 209 1950 dus
227 1932 240 1950 a
255 1924 360 1952 Nerone
374 1927 524 1960 imperavit.
537 1926 596 1958 Quo
610 1932 728 1959 tempore
743 1928 824 1952 etiam
840 1927 938 1953 beatis-

158 1959 244 1985 simus
258 1959 376 1988 Joannes
389 1963 529 1996 apostolus
545 1970 572 1988 in
595 1962 717 1988 Palmum
743 1962 858 1987 insulam
871 1963 938 1988 rele-

158 1998 237 2027 gatus
252 1995 311 2021 l'uit.
330 2005 338 2020 ι

193 2027 248 2055 Nee
267 2038 329 2056 vero
343 2035 446 2058 tantum
462 2040 476 2058 e
493 2034 578 2059 sacris
599 2033 779 2066 scriptoribus
794 2031 937 2059 notissima

991 1401 1063 1435 quod
1078 1400 1194 1426 desertis
1209 1400 1289 1426 idolis
1307 1408 1389 1426 unum
1405 1401 1525 1426 colerent.
1545 1400 1645 1432 Deum,
1663 1402 1774 1435 perinde

991 1445 1022 1463 ae
1037 1436 1132 1467 Judaei,
1146 1436 1247 1462 ideirco
1263 1435 1422 1462 dicebantur
1437 1436 1463 1461 in
1483 1443 1575 1462 eorum
1596 1444 1685 1464 mores
1701 1437 1773 1465 deci-

990 1472 1072 1499 disse.

1027 1507 1062 1533 De
1075 1507 1124 1532 hac
1138 1505 1231 1532 Flavia
1242 1505 1377 1532 Domitilla
1392 1510 1418 1531 et
1434 1505 1494 1532 aliis
1510 1505 1630 1539 ejusdem
1643 1508 1770 1538 nominis.

990 1542 1051 1568 vide
1074 1541 1219 1567 Baronium
1250 1541 1277 1566 in
1308 1540 1491 1575 Martyrologii
1516 1542 1587 1567 notis
1610 1541 1643 1568 ad
1665 1541 1735 1568 diem
1758 1544 1773 1569 7

990 1577 1062 1602 Maii.

1026 1612 1080 1645 (50)
1098 1610 1294 1637 Externiinatus
1311 1610 1342 1636 ab
1358 1610 1404 1636 illo
1419 1610 1563 1644 apostolus.
1580 1615 1632 1637 etc.
1651 1610 1771 1641 Joanncs

989 1647 1059 1673 enim
1077 1647 1226 1680 apostolus,
1241 1650 1269 1671 ut
1283 1646 1363 1680 paulo
1378 1651 1439 1672 ante
1456 1646 1604 1672 indicatum
1625 1650 1677 1679 est,
1693 1648 1725 1673 ab
1740 1657 1772 1675 eo

990 1683 1124 1715 relegatus
1138 1682 1219 1708 estin
1242 1681 1357 1706 insulam
1381 1681 1514 1712 Patmum,
1536 1681 1616 1714 idque
1629 1685 1772 1716 postquam

989 1717 1016 1742 iu
1037 1717 1157 1743 ardentis
1174 1716 1225 1742 olei
1240 1716 1340 1742 dolium
1358 1716 1500 1742 immersus
1514 1716 1618 1741 suisset.
1633 1715 1679 1742 lllo
1690 1717 1771 1744 etiam

990 1752 1140 1785 imperante
1149 1751 1307 1785 martyrium
1325 1750 1441 1776 subiisse
1456 1751 1576 1776 ereditur
1588 1750 1680 1777 Cletus
1692 1758 1768 1786 pont.

989 1787 1044 1813 sive
1057 1787 1205 1813 Anaeletus
1219 1796 1225 1812 2
1242 1793 1303 1811 nam
1319 1793 1414 1811 omnes
1430 1786 1514 1812 sancti
1530 1785 1624 1812 Patres
1636 1794 1719 1812 unum
1732 1788 1770 1813 sa-

990 1822 1076 1852 eiunt,
1094 1829 1147 1848 nou
1163 1821 1241 1847 duos.
1259 1821 1297 1846 Ex
1318 1821 1453 1854 episeopis
1466 1821 1590 1847 exsilium
1608 1828 1706 1854 passus
1728 1827 1770 1849 est

989 1857 1016 1883 in
1030 1856 1107 1886 Svria
1118 1857 1146 1882 S.
1160 1856 1290 1890 ignatius,
1304 1861 1415 1881 mortem
1430 1856 1455 1881 in
1469 1855 1554 1881 Gallia
1567 1855 1594 1881 S.
1612 1856 1769 1891 Eutropius,

990 1893 1023 1918 de
1050 1887 1103 1926 quo
1128 1891 1198 1917 infra
1224 1892 1315 1917 statim
1342 1891 1456 1922 dicetur,
1475 1891 1548 1917 etde
1569 1899 1623 1925 quo
1644 1893 1770 1919 nonnihil

989 1931 1069 1953 etiam
1083 1935 1164 1961 supra
1182 1931 1301 1952 notatum
1318 1930 1369 1952 est.

1023 1963 1077 1996 (31)
1094 1962 1148 1988 Nec
1156 1961 1273 1992 dubium,
1285 1961 1346 1994 quin
1358 1961 1440 1986 mulla
1452 1969 1496 1994 per
1510 1969 1567 1987 eam
1582 1966 1768 1995 tempestatem.

990 1997 1103 2023 Passum
1119 2005 1180 2023 esse
1199 1996 1355 2030 Dionysium
1377 2004 1429 2022 non
1443 2004 1527 2030 pauca
1546 1996 1690 2022 Domitiani
1706 2001 1771 2023 tem-

990 2033 1110 2066 poribus,
1129 2040 1181 2057 non
1197 2032 1312 2057 obscure
1325 2031 1425 2057 indicat
1440 2032 1571 2065 Syngelus
1583 2032 1609 2057 in
1627 2031 1685 2057 Vita
1707 2040 1770 2058 sau-

157 2068 199 2089 est
217 2063 359 2091 Domitiani
386 2067 411 2092 iu
433 2068 603 2094 Christianos
626 2068 717 2094 feritas
729 2087 735 2097 ,
754 2067 799 2094 sed
818 2068 898 2093 ctiam
924 2076 938 2093 c
954 2067 974 2093 Β
989 2068 1023 2092 eti
1039 2067 1169 2101 Dionysii,
1187 2067 1237 2092 suh
1256 2067 1333 2092 finem
1353 2066 1394 2092 his
1409 2067 1517 2092 verbis:
1534 2067 1602 2097 Τοὺς
1618 2066 1639 2091 δ’
1657 2066 1689 2092 ἂν
1706 2075 1769 2107 με]-

158 2099 280 2132 prolauis
297 2102 381 2126 multo
398 2104 561 2129 certissima.
584 2103 629 2129 sic.
642 2103 713 2129 enim
730 2103 788 2132 Dio.
805 2102 850 2127 lib.
867 2109 938 2128 rxvu

158 2133 230 2160 [list.
251 2134 323 2161 Rom.
339 2144 345 2159 5
371 2138 428 2163 Κάν
446 2138 483 2171 τῷ
500 2138 572 2171 αὐτῷ
589 2138 643 2163 ἔτει
660 2137 753 2168 ἄλλους
770 2146 798 2162 τε
816 2137 937 2168 πολλοὺς,

157 2169 203 2193 καὶ
229 2170 272 2194 τὸν
302 2171 413 2197 ‘maim-2
445 2173 590 2206 Κλήμεντςι
623 2173 805 2199 emnam-112.
838 2173 939 2206 καίπερ

156 2204 263 2237 ἀνεψιὸν
289 2205 367 2235 ὄντα,
394 2208 437 2232 καὶ
463 2209 577 2239 γυναῖκα
603 2208 686 2241 αὐτὴν
704 2207 818 2241 συγγενῆ
845 2208 938 2232 ἑαυτοῦ

156 2238 272 2264 wama-a
289 2242 446 2274 Amantium
464 2244 507 2276 ὲχο
542 2251 557 2268 α
570 2262 576 2272 ,
603 2243 768 2275 zzzs'rzpasszv
786 2243 799 2267 ὁ
816 2242 939 2276 Δομετια-

156 2274 210 2304 νὸς.
236 2275 386 2310 Ἑπηυέχθη
404 2277 431 2302 δὲ
449 2278 548 2311 &papum
566 2278 690 2312 ἔγκλημα
714 2277 855 2311 ἀο;ό-.ητος
869 2297 875 2308 ,
894 2277 937 2310 ὑφ’

155 2307 188 2343 ἧς
206 2309 251 2335 καὶ
268 2310 339 2336 ἄλλοι
358 2313 396 2343 εἰς
414 2314 445 2338 τὰ
463 2313 515 2338 τῶν
538 2313 669 2338 Ἰουδαίων
694 2312 739 2347 ἔθη
757 2312 938 2343 ἐξοκέλλοντες

156 2344 248 2370 πολλοὶ
266 2347 510 2381 martiniaco-quw.
530 2348 582 2373 Καὶ
599 2349 623 2372 οἱ
643 2348 689 2381 μὲν
707 2347 852 2377 ἀπέθανον,
871 2347 894 2372 οἱ
911 2347 938 2372 δὲ

155 2378 209 2404 ’.ὧν
226 2380 289 2412 γοῦν
306 2382 403 2408 οὐσιῶν
420 2383 611 2418 ὲστερὴθησαψ
625 2383 678 2416 ἠδὲ
695 2381 838 2416 Amisi-„Ula
855 2383 937 2416 ὑπερ-

155 2414 257 2449 (υρίσῦη
278 2418 355 2451 μόνον
373 2419 411 2448 εἰς
431 2418 636 2452 ΙῘανόατέρειαν.
668 2427 676 2441 e
693 2417 724 2442 Et
747 2418 839 2443 eodem
867 2425 938 2442 auito

156 2447 327 2478 Domitianus
346 2461 407 2478 rum
425 2454 493 2478 alios
509 2455 625 2483 multoS,
644 2457 698 2478 tum
716 2453 795 2477 etiam
816 2452 937 2478 Flavium

155 2482 319 2512 Clementem
328 2488 470 2513 consulatu
483 2489 649 2521 l'uugentein,
660 2488 765 2514 tametsi
778 2487 936 2520 patruelem,

155 2521 181 2542 et
194 2518 337 2547 habentem
355 2530 464 2548 uxorem
489 2523 607 2548 Flaviani
629 2522 789 2550 Domitillam
806 2523 865 2556 ejus
891 2530 934 2547 eo-

156 2558 274 2585 gnatam,
289 2556 434 2584 interemit.
451 2558 591 2591 Objeetuin
610 2566 674 2584 vero
689 2557 820 2584 ambobus
835 2557 936 2583 crimen

155 2588 314 2622 impietatis,
337 2597 445 2625 propter
465 2600 545 2627 quam
570 2596 596 2617 et
616 2594 659 2619 alii
683 2593 760 2619 multi
787 2593 811 2617 in
830 2599 936 2618 errores

154 2621 309 2650 Judteorum
326 2627 428 2659 delapsi
447 2629 618 2653 condemnati
643 2633 719 2659 sunu
737 2636 851 2661 quorum
875 2634 937 2659 pars

155 2657 263 2695 quidem
273 2660 367 2690 occisi,
383 2669 444 2694 pars
457 2663 630 2689 facultatibus
643 2664 698 2689 suis
713 2662 852 2697 exspoliati
867 2670 871 2686 z
887 2661 937 2686 l)o-

156 2693 250 2719 nutilla
266 2702 330 2720 vero
346 2700 449 2721 tautum
469 2697 494 2722 in
512 2697 701 2724 l'amlatariam
719 2702 759 2724 cst
775 2698 901 2731 relegata.
925 2705 933 2720 ι

193 2727 242 2754 lbi
259 2734 333 2761 nota,
343 2731 465 2764 ’ἐγκὶημα
475 2732 727 2765 ἁθεύτητος,ςι·ἰιιιιίι
739 2733 879 2765 impietatis
892 2740 935 2757 vo—

991 2102 1085 2127 έπειτα
1102 2102 1236 2136 χειμῶνας
1252 2100 1296 2132 0³33
1314 2102 1329 2135 ἡ
1347 2101 1504 2135 dotti-„totiaco
1524 2101 1606 2136 μανία
1623 2101 1692 2127 κατὰ
1716 2109 1769 2127 των

991 2137 1090 2163 πιττῶν
1107 2138 1252 2171 ἐπήγαγεν,
1271 2136 1399 2170 ἀνδρείως
1424 2137 1581 2171 ὑπομείνας,
1600 2136 1644 2162 καὶ
1661 2136 1717 2162 δόκν.
1741 2145 1768 2168 ος

990 2173 1017 2197 ἐν
1036 2173 1100 2197 πᾶσι
1118 2171 1220 2205 φανεὶς,
1233 2171 1372 2205 διοιὸοὴτυυ
1390 2172 1561 2206 ἀπηνέγκατο
1572 2171 1674 2201 κλέους,
1690 2181 1698 2195 ι
1714 2171 1722 2196 l
1738 2180 1768 2197 e-

990 2207 1077 2241 liquas
1093 2215 1156 2233 vero
1171 2207 1331 2232 subsecutas
1348 2210 1521 2240 tempestates
1538 2214 1605 2240 quas
1626 2210 1720 2232 contra
1735 2207 1767 2232 ti-

989 2242 1062 2268 ‹lrlcs
1080 2241 1225 2267 Domitiani
1243 2241 1345 2266 invexit
1362 2241 1479 2272 insania,
1498 2249 1559 2267 cum
1574 2241 1687 2267 viriliter
1705 2249 1766 2274 per-

990 2278 1107 2307 tulisset,
1121 2277 1305 2310 probatusque
1318 2276 1344 2301 in
1362 2277 1488 2303 omuibus
1504 2276 1684 2310 apparuisset,
1697 2277 1765 2302 cele-

989 2312 1133 2337 berrimam
1150 2312 1261 2345 gloriam
1276 2311 1433 2343 reportavit.
1450 2321 1458 2336 ι

1022 2347 1076 2379 (52¹)
1095 2347 1121 2372 Is
1139 2352 1176 2372 est
1190 2347 1278 2371 [reulus
1296 2346 1438 2379 Idulropius
1455 2346 1482 2372 S.
1500 2346 1570 2372 Petri
1599 2345 1712 2379 apostoli
1727 2346 1765 2371 di-

989 2383 1114 2415 scipulus.
1130 2382 1166 2408 Dc
1183 2381 1312 2414 Eutropio
1325 2381 1409 2407 misso
1426 2381 1452 2406 in
1464 2380 1576 2406 Galliam
1593 2388 1607 2406 a
1627 2381 1768 2407 Clemente

990 2418 1143 2444 notavimus
1160 2424 1240 2450 supra
1253 2417 1339 2450 eapite.
1354 2416 1396 2445 10,
1412 2423 1443 2441 ex
1459 2416 1516 2449 ipso
1533 2415 1663 2449 Gregorio
1679 2414 1766 2441 Turo-

989 2453 1076 2478 nensi.
1094 2452 1159 2478 Vide
1175 2455 1263 2476 autem
1278 2451 1376 2477 l‘usiora
1388 2452 1474 2476 sancti
1488 2450 1607 2483 Eutropii
1625 2454 1684 2475 acta
1695 2450 1766 2484 apud

990 2486 1159 2513 Vini-eutimii
1178 2487 1394 2513 bellovacense111
1411 2485 1456 2511 lib.
1481 2493 1496 2511 x
1517 2486 1619 2518 Speculi
1643 2485 1766 2510 historia-

989 2530 1056 2552 rum,
1077 2531 1137 2556 rap.
1156 2523 1197 2552 12),
1214 2525 1239 2546 et
1253 2521 1323 2555 apud
1336 2520 1363 2546 S.
1381 2520 1536 2552 Antonium,
1554 2524 1629 2554 parte
1650 2528 1657 2545 i
1676 2520 1764 2552 uisi..

989 2561 1029 2581 tit.
1048 2559 1074 2587 (ἱ,
1091 2566 1149 2591 cap.
1164 2558 1208 2584 28.
1225 2556 1237 2589 ἕ
1259 2557 1288 2588 2,
1305 2560 1331 2581 et
1348 2555 1417 2589 apud
1434 2554 1542 2580 Petrum
1562 2555 1714 2589 Equilinum
1738 2555 1765 2581 in

988 2591 1115 2626 (hituloyo
1130 2597 1291 2622 sanctornm,
1312 2591 1356 2616 lib.
1374 2598 1410 2620 iv,
1430 2598 1489 2623 cap.
1506 2591 1565 2620 105.
1584 2595 1610 2616 et
1632 2590 1703 2624 apud
1717 2588 1766 2628 Ey-

989 2628 1144 2660 sen-[grinmu
1174 2626 1336 2653 Centenario
1354 2627 1379 2655 1,
1403 2630 1477 2659 parte
1492 2634 1517 2656 v,
1534 2626 1599 2651 dist.
1616 2625 1641 2651 5.
1659 2624 1696 2649 De
1719 2625 1765 2650 illo

989 2662 1026 2687 sie
1046 2662 1263 2696 Martvrologium
1280 2660 1428 2686 Romanum
1443 2660 1475 2684 ad
1489 2660 1559 2687 diem
1580 2660 1614 2686 50
1639 2658 1738 2693 Aprilis
1755 2668 1762 2685 :

991 2706 998 2720 α
1021 2697 1096 2730 Apud
1114 2692 1193 2731 '481
1218 2698 1352 2723 Santonas
1374 2695 1442 2720 beati
1463 2694 1580 2728 Eutropii
1603 2694 1722 2728 episcopi
1738 2699 1763 2720 et

987 2733 1131 2765 martyris,
1156 2740 1236 2765 quem
1264 2731 1292 2757 S.
1317 2730 1442 2756 Clemens
1467 2730 1628 2763 pontificalis
1657 2729 1762 2755 ordinis

154 2768 210 2788 cari
225 2765 380 2797 religionem
397 2766 577 2791 (Lioi‘istianam
590 2787 596 2797 ,
618 2772 746 2801 tanquam
763 2771 932 2800 respuentem
948 2764 967 2789 C
985 2764 1707 2799 gratiacoiiserratumdirexitinGalliam,peractaque
1716 2764 1762 2789 diu

156 2802 265 2825 «Merum
281 2801 401 2830 cultum,
419 2809 464 2834 per
477 2801 600 2835 delapsos
614 2802 675 2828 item
691 2803 715 2828 iu
726 2811 815 2829 'nores
829 2801 935 2827 „linisse-

993 2802 1191 2834 pini-‹licationt3
1209 2803 1242 2829 oh
1253 2801 1353 2828 Christi
1370 2800 1553 2827 testimonium
1566 2800 1660 2826 colliso
1676 2799 1761 2833 capite
