1860 2961
150 101 202 128 ⁹295

596 101 767 128 APPnNDtx
785 102 830 128 An
845 102 960 130 OPERA
976 105 1004 131 S.
1021 104 1170 133 DlONYSll
1188 106 1432 136 AREOPAGITAE.

1733 111 1785 138 296

151 157 302 185 secundum
321 162 447 184 naturam
467 158 653 193 operationis;
671 166 736 194 ergo
758 160 883 193 quamvis
898 169 945 187 ex·
960 165 982 191 A
998 162 1026 187 ὲν
1048 162 1135 198 σκότῳ
1152 162 1260 198 βλέπειν
1284 165 1442 200 κωλυομένη
1460 164 1545 201 ψυχὴ,
1572 172 1679 201 ποιησει
1701 168 1785 194 κακά.

151 205 287 231 trinsecus
314 204 359 230 liat
384 204 624 238 impedimentum,
648 205 824 232 nihilominus
849 211 939 233 tamen

151 251 241 276 anima
257 251 330 277 velut
346 251 373 277 in
389 251 510 278 tenebris
522 251 613 278 videre
629 252 776 286 prohibita,
794 253 864 279 mala
878 261 938 287 per-

151 297 278 331 petrabit.
295 297 333 323 Ad
350 297 422 331 quod
439 298 594 329 (licendum,
612 306 644 324 ex
659 299 740 325 dictis
756 299 872 325 inveniri
889 299 939 325 im·

151 343 333 376 pedimentum
348 351 407 369 esse
424 344 486 370 mali
502 344 655 370 effectivum
666 365 672 376 ‚
694 354 747 371 non
764 354 827 372 vero
843 353 891 379 per
912 354 940 373 se

150 389 260 414 malum.
283 388 383 415 Malitia
404 390 475 415 enim
493 398 545 416 non
568 395 610 417 est
631 392 747 424 primuni
763 392 875 423 malum,
893 392 939 418 sed

150 435 254 468 species
274 436 347 465 mali,
363 436 434 461 sicut
450 436 535 463 virtus
551 442 589 463 est
609 437 672 471 quid
689 438 720 463 :ul
741 438 841 464 bonum
862 438 940 472 adju-

150 488 227 511 vans,
243 489 295 506 non
313 482 429 514 primum
446 483 557 509 bonum.

187 527 271 558 Quasi
296 528 395 553 naulum
417 529 449 553 <it
468 537 506 555 res
523 530 622 564 aliqua.
647 530 674 555 ld
698 534 750 561 eft,
767 531 867 556 malum
885 539 939 557 non

148 573 324 606 estquaetlam
345 575 475 602 essentia,
498 577 563 609 quin
584 584 671 610 neque
692 576 718 601 in
744 577 824 602 rebus
848 577 880 603 ad
896 585 940 603 es-

149 618 265 644 sentiam
295 619 497 652 pertinentibus
525 621 658 652 cernitur,
684 626 812 656 tanquam
838 624 939 657 aliquid

149 664 218 697 qnod
235 664 305 690 lianc
321 666 458 699 complere
474 667 572 697 valcat,
588 667 658 694 sicut
674 667 762 694 virtus
778 672 804 694 et
820 668 940 695 ellieaeia

149 711 263 743 malum;
281 718 311 736 ae
334 719 399 737 sane
416 712 441 737 in
468 712 514 737 tali
537 714 677 739 sententia!
692 714 862 747 expositione
880 715 941 741 nni-

149 764 242 783 versus
267 757 357 784 Patris
377 758 451 784 circa
477 759 527 784 hoc
554 763 747 793 argumentum
774 769 875 795 scopus
897 761 939 788 vi-

149 803 239 829 detur.

180 849 232 876 Sed
247 854 275 875 ut
290 849 416 884 desectus.
430 850 572 882 Quomodo
588 852 689 878 malum
707 852 884 887 intelligatur.

180 896 192 931 ς
209 896 291 923 XXV.
315 897 409 923 verum
426 906 471 923 nec
488 898 513 923 in
532 899 704 925 animalibus.
725 899 817 934 Neque
833 900 860 926 in
881 901 940 927 ani-

147 943 262 969 malibus
282 944 397 969 rationis
419 944 579 977 expertibus
595 945 696 971 malum
718 953 789 976 esse,
809 947 939 980 quoniam

146 997 200 1014 non
225 993 290 1015 sunt
312 994 408 1016 natura
433 991 519 1022 mala,
545 991 611 1024 quin
638 999 726 1025 neque
755 992 866 1018 illorum
891 993 939 1019 ha-

146 1035 217 1061 bitus
230 1035 303 1066 mali,
314 1036 395 1062 veluti
406 1037 456 1066 ira,
473 1036 791 1072 cupiditas,imaginatio
805 1046 936 1073 praeceps.

180 1080 210 1107 Si
236 1082 305 1107 enim
331 1082 481 1108 sustuleris.
511 1082 711 1109 lrrationaliuin
742 1084 850 1111 babitus
877 1092 938 1111 esse

145 1128 295 1159 naturales,
312 1128 383 1154 sicut
400 1129 471 1154 leoni
491 1132 518 1154 et
543 1129 686 1163 reptilibus
711 1129 761 1161 ira,
778 1135 803 1156 et
821 1131 937 1158 canibus

144 1174 261 1200 latrandi
289 1174 424 1206 l'aeultas;
449 1174 521 1201 unde
547 1178 576 1200 ut
602 1175 759 1207 naturales,
786 1183 842 1202 non
873 1180 937 1203 sunt

144 1221 218 1246 mali.

178 1265 191 1300 ς
206 1265 300 1292 xxti.
318 1266 369 1292 Sed
387 1275 465 1300 neque
478 1267 504 1293 in
526 1271 590 1293 toto.
613 1266 716 1293 Natura
730 1271 772 1295 est
789 1267 937 1296 habitualis

143 1319 188 1338 ars
210 1312 301 1338 divina
319 1311 351 1338 ad
367 1313 571 1347 generationem
589 1313 780 1348 progrediens,
799 1315 879 1349 cujus
896 1316 937 1342 di-

141 1358 212 1384 vinae
234 1359 302 1385 artis
327 1358 455 1390 effeetus,
478 1359 559 1393 158
581 1360 679 1393 plantae
701 1364 727 1386 et
760 1361 887 1388 animalia
910 1366 936 1388 et

142 1403 258 1436 fructus,
273 1405 526 1439 elementorumque
542 1405 613 1432 inter
629 1414 658 1432 se
673 1407 850 1438 mutationes,
864 1411 890 1434 et
908 1408 936 1435 in

143 1450 301 1477 universum
317 1452 436 1477 essentia
452 1452 603 1479 secundum
626 1453 744 1486 seipsam
766 1461 860 1480 eorum
876 1462 936 1488 quae

142 1496 343 1529 producuntur,
358 1505 418 1531 qute
434 1503 475 1524 est
497 1499 663 1533 principium
681 1504 771 1526 motus
786 1504 813 1527 et
835 1504 933 1527 status.

143 1541 218 1568 Sicut
236 1542 318 1576 igitur
341 1544 367 1569 in
391 1544 423 1570 iis
440 1544 487 1578 qui
505 1552 596 1571 ceram
619 1545 693 1572 varie
718 1545 831 1580 lingunt,
849 1550 936 1572 artes-

141 1596 194 1621 que
217 1589 335 1623 fingendi
359 1595 503 1622 exercent,
525 1599 639 1618 necesse
659 1596 701 1618 est
726 1592 829 1626 aliquid
851 1592 935 1618 inbae-

141 1642 211 1667 rere,
234 1635 260 1661 id
282 1640 323 1661 est
345 1636 478 1663 rationein
497 1645 528 1663 ae
545 1642 662 1664 mentem
690 1646 750 1672 quae
771 1646 819 1672 per
838 1646 934 1675 manus

141 1687 190 1705 sna
206 1681 333 1715 exprimit
351 1689 433 1716 opera
449 1691 456 1714 ;
474 1683 513 1709 sic
535 1683 616 1710 etiam
634 1684 660 1710 in
677 1685 868 1711 universorum
886 1693 935 1712 na-

141 1730 213 1756 tura,
234 1727 337 1761 aliquid
354 1728 381 1753 in
405 1728 473 1762 ipsis
492 1734 594 1760 manet,
613 1730 640 1756 id
665 1734 706 1757 est
724 1731 813 1758 virtus
829 1739 877 1758 seu
895 1731 935 1757 sa-

140 1772 238 1805 cultas,
254 1782 308 1799 non
327 1775 454 1802 manibus
472 1783 599 1810 operans,
616 1776 663 1803 sed
679 1777 806 1804 voluntas
821 1781 847 1804 et
869 1785 934 1805 con-

140 1818 230 1844 silinm
248 1818 305 1850 Dei,
330 1821 508 1855 progrediens
531 1823 605 1849 velut
627 1831 671 1850 ars
697 1824 729 1850 ad
753 1831 848 1851 eorum
874 1833 933 1858 quae

140 1864 267 1891 oriuntur
290 1868 509 1900 generationem3
535 1873 633 1895 natura
657 1869 729 1896 enim
752 1877 807 1896 non
832 1870 934 1905 indiget

140 1910 304 1943 quibusdam
331 1913 516 1945 manentibus,
540 1915 602 1942 aliis
616 1923 681 1942 vero
698 1920 726 1942 ut
749 1917 847 1950 motis;
870 1925 932 1944 nam

140 1957 254 1983 materia
278 1963 319 1984 est
340 1966 400 1993 quae
424 1959 451 1986 in
479 1961 656 1995 generatione
681 1967 817 1995 movetur,
844 1963 931 1998 ipsam

139 2006 230 2030 autem
242 2011 364 2036 movens,
378 2006 490 2032 verbum
500 2011 542 2033 est
559 2014 605 2034 seu
621 2004 693 2034 ratio
709 2008 856 2036 immobilis
871 2017 931 2044 quae

138 2051 180 2074 est
204 2048 231 2074 in
256 2052 327 2081 toto,
350 2051 421 2083 qnod
446 2056 487 2078 est
515 2059 560 2079 ars
584 2053 686 2085 divina,
711 2062 791 2088 quam
812 2054 931 2082 diximus

140 2097 281 2126 naturam,
311 2095 398 2122 forma
423 2097 575 2132 exsistens,
602 2107 658 2125 non
687 2107 752 2126 vero
784 2107 818 2127 ex
845 2105 930 2127 mate-

139 2139 178 2165 ria
208 2144 234 2166 et
261 2140 362 2174 sorma3
387 2142 453 2176 quid
480 2145 552 2170 enim
582 2144 621 2171 illi
646 2153 714 2179 opus
737 2149 778 2172 est
808 2147 929 2173 materiae

138 2186 232 2212 calida!
256 2190 303 2213 aut
328 2187 449 2223 srigidae?
477 2194 568 2216 creata
595 2191 689 2225 utique
720 2192 850 2224 materia,
878 2193 929 2219 hoc

139 2231 190 2259 sert
214 2233 239 2259 in
256 2234 361 2268 seipsa;
379 2243 433 2262 non
457 2237 528 2262 enim
548 2237 636 2271 ignem
664 2238 793 2265 accedere
816 2246 929 2266 necesse

137 2283 188 2311 est,
206 2283 235 2306 ut
253 2281 365 2307 materia
386 2281 433 2307 [iat
458 2282 543 2315 ignis,
569 2283 616 2310 sed
632 2284 745 2310 verbum
771 2292 819 2311 seu
843 2285 928 2312 ratio-

138 2331 198 2350 nem
212 2333 219 2356 ;
237 2325 310 2358 quod
330 2326 411 2352 etiam
430 2327 536 2361 signum
552 2332 594 2354 est.
610 2336 664 2354 non
680 2337 803 2364 parvum,
820 2338 881 2357 esse
901 2331 927 2357 in

137 2370 301 2397 animalibus
323 2375 350 2398 et
372 2372 473 2406 plantis
490 2374 612 2401 rationes
628 2382 688 2408 <1¹¹ae
713 2375 831 2402 efficiant
853 2380 882 2402 nt
900 2376 927 2402 in

137 2419 234 2441 natura
251 2416 320 2442 ratio
337 2416 454 2451 baereat;
469 2419 588 2445 rationes
605 2427 669 2446 vero
681 2428 740 2454 qua=
753 2428 815 2447 cum
831 2420 927 2448 formis

136 2468 228 2486 eorum
255 2470 314 2495 quze
340 2463 481 2496 videntur,
509 2468 614 2491 natura:
641 2474 701 2492 esse
729 2466 850 2500 germina
879 2474 928 2493 seu

136 2506 284 2534 immobilis
306 2516 336 2534 ac
354 2509 381 2535 in
398 2510 455 2544 ipsa
481 2510 609 2537 bau-entis
632 2512 708 2538 verbi
732 2519 779 2538 seu
802 2512 927 2539 rationis.

136 2552 278 2584 Quomodo
303 2554 384 2587 igitur
408 2556 435 2581 in
455 2557 582 2583 universa
610 2561 706 2583 natura
731 2558 842 2588 malum,
865 2566 926 2585 cuin

137 2600 276 2626 naturales
294 2600 348 2625 sint
371 2601 490 2627 rationes
508 2601 535 2627 in
553 2603 699 2633 creaturis,
717 2611 766 2628 nee
793 2603 818 2628 in
836 2603 926 2637 aliquo

137 2646 184 2671 toti
210 2649 323 2676 natm-w,
347 2654 406 2679 qum
430 2655 461 2672 ex
489 2648 560 2674 bono
585 2652 640 2680 est,
662 2649 873 2675 contrarientnr.
894 2649 921 2675 si

133 2698 198 2725 ergo
210 2690 425 2718 demonstratum
440 2698 480 2719 est
497 2694 650 2720 universam
665 2699 788 2720 naturam
802 2703 835 2720 ex
851 2695 922 2721 bone

134 2744 205 2767 esse,
224 2737 392 2771 singularum
408 2743 498 2765 autem
517 2743 705 2767 creaturarum
729 2741 849 2768 rationes
868 2749 921 2768 non

995 208 1066 243 Πρὸς
1081 208 1094 234 ὃ
1111 209 1230 241 λεκτέον,
1246 211 1286 236 ὅτι
1303 212 1334 236 ἐκ
1350 211 1403 236 τῶν
1425 211 1575 246 εἰρημένων
1599 213 1753 248 εὑρίσκεται
1772 214 1786 239 ὁ

994 254 1161 290 ἐμποδισμὸς
1177 257 1317 291 ποιητικὸν
1338 257 1434 289 κακοῦ,
1453 258 1481 283 οὐ
1501 258 1552 293 μὴν
1572 259 1739 285 αὑτόκακοψ
1755 260 1785 285 οὐ

993 300 1047 336 γὰρ
1061 303 1076 336 ἡ
1094 303 1175 328 κακία
1192 304 1299 338 πρῶτον
1317 304 1410 335 κακὸν,
1427 305 1483 330 ἀλλ’
1499 303 1567 336 εἶδος
1583 306 1678 337 κακοῦ,
1692 306 1786 341 ὥσπερ

995 347 1010 381 ἡ
1026 347 1109 382 ἀρετὴ
1128 349 1256 384 συνεργόν
1272 349 1298 375 τί
1313 351 1370 376 ἐστι
1387 350 1454 385 πρὸς
1466 351 1576 385 ἀγαθὸν,
1591 352 1663 378 οὗτοι
1679 352 1786 387 πρῶτον

993 393 1103 427 ἀγαθόν.

1030 528 1071 564 [γ]
1086 530 1118 555 Τὰ
1135 530 1237 562 κακῦν,
1252 531 1291 563 ὡς
1312 530 1348 556 ὃν
1364 531 1466 557 κακόν.
1484 528 1627 558 Τουτὲστιν
1642 533 1691 558 οὐκ
1707 533 1785 560 οὐσία

993 584 1035 606 τις
1051 576 1080 601 τὸ
1098 577 1191 607 κακὸν,
1207 577 1263 603 ἀλλ’
1283 578 1342 603 οὐδὲ
1366 579 1394 604 ἐν
1409 579 1465 609 τοῖς
1482 579 1541 604 κατ’
1558 579 1651 605 οὐσίαν
1668 578 1726 605 οὖσι
1747 580 1784 611 ὡς

996 621 1221 657 συμπληρωτικὸν
1240 623 1341 658 ταύτης
1363 625 1472 658 ὁρᾶται,
1490 624 1584 660 ὥσπερ
1604 625 1717 660 δύναμις
1738 626 1785 652 καὶ

995 668 1118 703 ἐνέργεια
1138 669 1168 694 τὸ
1184 669 1281 694 κακὸν·
1303 670 1350 695 καὶ
1375 670 1442 705 πρὸς
1459 671 1507 704 τὴν
1523 671 1649 706 τοιαύτην
1668 672 1717 706 τῆς
1741 672 1784 697 ἐν-

994 715 1068 745 νοίας
1081 715 1211 740 ἀπόδοσιν
1225 716 1238 741 ὁ
1256 717 1310 746 πᾶς
1325 717 1389 751 περὶ
1403 716 1497 742 τούτου
1514 716 1614 748 σκοπὸς
1627 718 1723 752 ὁρᾶται
1737 717 1783 743 τοῦ

994 761 1109 796 Πατρός.

1034 851 1114 878 Ἀλλ’
1128 852 1167 884 ὡς
1183 852 1327 886 ἔλλειψις.
1344 852 1406 883 Πῶς
1420 853 1520 878 νοεῖται
1533 853 1563 879 τὸ
1582 853 1676 879 κακόν.

1027 897 1063 933 [6]
1086 898 1196 932 §XXV.
1224 899 1304 925 Ἀλλ’
1331 899 1394 925 οὐδ’
1417 899 1451 924 ἐν
1472 898 1561 931 (ibae.
1579 900 1640 925 Ὅτι
1665 898 1726 925 οὔτε
1754 900 1783 925 ὲν

991 943 1069 974 ζώοις
1085 944 1192 978 ἀλόγοις
1212 945 1269 970 ἐστὶ
1282 945 1312 970 τὸ
1331 944 1425 976 κακὸν,
1443 945 1503 971 ἐπεὶ
1519 945 1586 980 μήτε
1604 945 1682 979 φύσει
1710 946 1783 971 κακά

990 991 1068 1021 εἰσιν,
1084 990 1139 1016 ἀλλ’
1152 991 1213 1016 οὔτε
1232 991 1259 1016 αἰ
1279 991 1384 1026 σχέσεις
1400 991 1487 1018 αὐτῶν
1503 992 1595 1024 κακαὶ,
1613 989 1667 1018 οἷον
1688 991 1781 1026 θυμὸς,

990 1037 1130 1071 ἐπιθυμία,
1151 1037 1282 1071 φαντασία
1297 1038 1445 1072 προπετὴς.

1025 1083 1062 1118 [ε]
1085 1084 1121 1109 El
1143 1079 1198 1117 γᾶρ
1217 1081 1348 1116 civetate.
1369 1084 1429 1109 Ὅτι
1449 1083 1560 1117 φυσικαί
1581 1084 1650 1110 εἰσιν
1669 1084 1696 1110 αἱ
1722 1084 1782 1119 σχέ-

989 1137 1045 1160 σεις
1066 1128 1119 1154 τῶν
1141 1129 1253 1163 ἀλόγων,
1270 1129 1363 1164 ὥσπερ
1384 1129 1469 1156 λεόντι
1493 1130 1538 1156 καὶ
1561 1131 1686 1166 ἑρπετοῖς
1709 1133 1722 1158 ὁ
1736 1132 1782 1158 θυ-

991 1175 1049 1210 μὸς,
1063 1176 1109 1201 καὶ
1128 1176 1191 1201 κυσὶ
1210 1175 1239 1201 τὸ
1259 1175 1416 1202 ὺλακτικόν·
1438 1175 1498 1202 ὅθεν
1517 1176 1554 1207 ὡς
1577 1178 1703 1210 φυσικαὶ,
1720 1177 1782 1204 οὔτε

990 1222 1081 1248 κακαὶ

1026 1266 1069 1303 [ς]
1090 1268 1102 1303 ξ
1119 1267 1214 1295 XXVI.
1242 1268 1322 1295 Ἀλλ’
1342 1268 1405 1294 οὐδ”
1421 1268 1455 1294 ἐν
1475 1268 1513 1302 τῇ
1529 1268 1596 1303 ὅλῃ.
1617 1269 1700 1300 Φύσις
1722 1269 1782 1296 ἐστὶ

988 1313 1048 1339 καθ’
1067 1313 1122 1346 ἕξιν
1145 1314 1205 1349 Θείᾳ
1224 1323 1305 1349 τεχνῃ
1322 1315 1361 1345 εἰς
1377 1314 1485 1348 γένεσιν
1500 1315 1642 1350 προϊοῦσα,
1659 1312 1692 1350 ἦς
1708 1315 1782 1347 θείας

988 1360 1084 1395 τέχνης
1098 1360 1131 1386 τὰ
1149 1361 1358 1396 ἀποτελέσματα
1376 1361 1447 1395 φυτά
1460 1370 1489 1387 τε
1503 1361 1551 1388 καὶ
1571 1361 1628 1393 ζῶα
1648 1362 1693 1388 καὶ
1715 1371 1781 1398 καρ-

989 1407 1034 1432 ποὶ
1056 1407 1101 1432 καὶ
1121 1407 1174 1432 τῶν
1202 1407 1340 1442 στοιχείων
1361 1408 1401 1438 εὶς
1430 1407 1532 1442 ἄλληλα
1559 1407 1714 1443 μεταῧολαὶ,
1734 1409 1782 1434 καὶ

988 1452 1055 1483 ὅλως
1088 1452 1148 1478 καθ’
1174 1453 1274 1488 ἑαυτὴν
1301 1454 1317 1488 ἡ
1341 1454 1418 1479 οὐσία
1443 1453 1497 1479 τῶν
1525 1454 1680 1489 φυομένων,
1709 1454 1780 1490 ἀρχὴ

989 1500 1120 1534 κινήσεως
1149 1497 1215 1525 οῧσα
1238 1500 1284 1525 καὶ
1316 1499 1445 1531 στάσεως.
1470 1500 1574 1534 Ὥσπερ
1595 1498 1640 1526 οῦν
1665 1500 1780 1528 ἐπὶτῶν

988 1544 1184 1580 κηροπλάστων
1215 1546 1260 1571 καὶ
1284 1545 1337 1572 τῶν
1369 1546 1418 1576 τὰς
1448 1545 1598 1576 πλαστικὰς
1634 1547 1779 1581 μετιόντων

987 1591 1084 1625 τέχνας
1099 1591 1139 1616 δεῖ
1153 1589 1222 1617 εἷναί
1244 1600 1270 1617 τι
1288 1592 1316 1617 ἐν
1338 1592 1429 1623 αὐτοῖς
1446 1592 1535 1626 μένον,
1557 1592 1677 1618 τουτέστι
1702 1593 1779 1627 λόγον

987 1638 1034 1663 καὶ
1056 1637 1128 1669 νοῦν,
1146 1637 1169 1663 οἳ
1196 1638 1239 1663 διὰ
1261 1638 1359 1673 χειρῶν
1382 1638 1489 1664 ποιοῦσι
1511 1638 1545 1664 τὰ
1567 1639 1671 1665 ἑαυτῶν
1691 1639 1777 1675 ἔργα·

986 1684 1057 1710 οὕτω
1072 1685 1117 1710 καὶ
1134 1676 1180 1710 ἐπὶ,
1192 1684 1241 1719 τῆς
1256 1684 1362 1718 φύσεως
1379 1685 1432 1711 τῶν
1445 1686 1523 1716 ὅλων,
1538 1685 1595 1711 ἔστι
1608 1695 1634 1712 τι
1649 1687 1676 1712 ἐν
1688 1687 1778 1717 αὐτοῖς

988 1731 1078 1764 μένον,
1098 1731 1220 1756 τουτέστι
1240 1732 1256 1766 ἡ
1281 1731 1409 1766 δύναμις,
1432 1732 1461 1757 οὺ
1485 1732 1528 1757 διὰ
1549 1732 1646 1767 χειρῶν
1663 1731 1778 1768 ἐργαζο-

987 1777 1070 1811 μένη,
1094 1776 1161 1802 ἀλλὰ
1194 1777 1320 1812 βούλησις
1351 1778 1397 1803 καὶ
1425 1778 1566 1812 διανόησις
1598 1776 1666 1804 οὖσα
1692 1778 1776 1809 Θεοῦ,

985 1823 1116 1857 προϊοῦσα
1136 1820 1191 1848 οἷον
1209 1823 1290 1858 τέχνη
1313 1825 1352 1854 εἰς
1376 1824 1481 1857 γένεσιν
1499 1825 1552 1850 τῶν
1569 1824 1724 1859 φυομένων·
1747 1824 1777 1850 οὐ

985 1868 1038 1903 γὰρ
1060 1868 1145 1894 δεῖται
1168 1870 1184 1903 ἡ
1205 1870 1284 1903 φύσις
1308 1870 1387 1896 τινῶν
1411 1870 1554 1905 μενόντων,
1574 1870 1674 1905 ἑτέρων
1695 1870 1722 1895 δὲ
1739 1870 1777 1901 ὼς

985 1915 1166 1950 κινουμένων
1182 1915 1268 1950 ἡγὰρ
1292 1915 1339 1950 ῦλη
1365 1916 1471 1951 ὲστὶνὴ
1496 1917 1536 1948 εἰς
1560 1916 1665 1950 γένεσιν
1688 1925 1777 1942 κινου-

986 1961 1068 1996 μένη·
1084 1961 1114 1987 τὸ
1130 1962 1157 1987 δὲ
1177 1962 1268 1988 κινοῦν
1283 1962 1366 1997 αὐτὴν
1380 1963 1393 1988 ό
1408 1963 1534 1998 ἀκίνητός
1549 1963 1605 1989 ἐστι
1626 1963 1704 1997 λόγος
1718 1964 1732 1989 ό
1748 1964 1776 1989 ὲν

983 2008 1021 2042 τῷ
1041 2008 1105 2043 ὅλῳ,
1128 2009 1157 2039 ὃς
1179 2009 1253 2034 ἐστιν
1270 2009 1286 2043 ἡ
1304 2008 1364 2034 Θεία
1386 2009 1478 2044 τέχνη,
1504 2010 1537 2044 ἣν
1559 2009 1663 2044 ἔφημεν
1684 2009 1775 2044 φύσιν,

983 2050 1052 2084 εἶδος
1068 2051 1144 2085 οὖσα,
1164 2055 1193 2080 οὐ
1212 2055 1265 2089 μὴν
1282 2055 1310 2087 ἐξ
1329 2055 1393 2090 ’ύλης
1409 2055 1455 2081 καὶ
1474 2055 1576 2086 εἴδους
1591 2056 1616 2081 τί
1635 2055 1689 2091 γὰρ
1706 2056 1776 2091 αὑτὴ

984 2098 1048 2133 ὕλης
1062 2099 1111 2131 δεῖ,
1127 2099 1260 2135 θερμῆςῆ
1280 2100 1398 2136 Qumis:
1419 2102 1435 2136 ὴ
1451 2101 1505 2136 γὰρ
1520 2102 1773 2137 δεδημιουργημένη

983 2145 1032 2179 ὓλη
1048 2145 1126 2170 τοῦτο
1143 2145 1220 2180 φέρει
1238 2147 1266 2171 ὲν
1289 2147 1371 2182 ἑαυτῇ
1384 2155 1390 2161 ·
1405 2147 1435 2172 οὐ
1452 2146 1506 2182 γὰρ
1525 2147 1566 2173 δεῖ
1584 2147 1639 2183 πῦρ
1661 2148 1775 2183 προσελ-

982 2191 1047 2223 θεῖν,
1065 2191 1108 2217 ἰ’να
1121 2191 1175 2226 πῦρ
1191 2193 1207 2226 ἡ
1225 2191 1274 2227 ῦλη
1296 2193 1417 2228 γένηται,
1433 2193 1500 2219 ἀλλὰ
1525 2193 1611 2227 λόγον·
1630 2193 1644 2219 ὃ
1661 2194 1707 2220 καὶ
1727 2203 1776 2229 ση-

984 2238 1057 2272 μεῖόν
1074 2238 1146 2263 ἐστιν
1161 2238 1190 2264 οὐ
1210 2239 1307 2274 μικρὸν
1323 2239 1370 2265 τοῦ
1385 2240 1433 2265 καὶ
1448 2240 1477 2266 ὲν
1493 2240 1548 2271 τοῖς
1564 2239 1642 2271 ζώοις
1657 2240 1704 2265 καὶ
1717 2241 1774 2272 τοῖς

982 2284 1084 2316 φυτοῖς,
1105 2284 1169 2314 τοὺς
1188 2284 1283 2318 λόγους
1301 2283 1368 2311 εἶναι
1384 2286 1447 2317 τοὺς
1465 2287 1621 2321 ποιητικοὺς
1638 2287 1706 2313 κατὰ
1724 2287 1774 2323 τὴν

982 2330 1061 2364 φύσιν
1074 2328 1141 2356 εἶναι
1157 2330 1234 2364 λόγον
1249 2331 1294 2357 τὸν
1315 2332 1443 2366 μένοντα·
1465 2331 1559 2366 λόγους
1573 2332 1601 2358 δὲ
1620 2333 1683 2364 τοὺς
1704 2333 1773 2360 κατὰ

980 2375 1029 2406 τὰς
1045 2376 1152 2411 μορφὰς
1166 2377 1219 2402 τῶν
1236 2377 1381 2412 ὁρωμένων
1397 2378 1446 2412 τῆς
1463 2377 1570 2411 φύσεως
1589 2376 1657 2405 εἶναι
1676 2380 1771 2414 γεννή-

982 2431 1071 2457 ματα,
1096 2413 1155 2456 ’ήτοι
1178 2423 1225 2449 τοῦ
1247 2425 1307 2449 κατ’
1328 2424 1411 2459 αὐτὴν
1433 2424 1560 2459 ἀκινήτου
1583 2425 1629 2450 καὶ
1647 2425 1773 2460 μένοντος

979 2468 1068 2502 λόγου.
1090 2469 1151 2501 Πῶς
1165 2468 1210 2496 οῦν
1227 2472 1255 2496 ὲν
1268 2472 1301 2506 τῇ
1319 2471 1431 2497 καθόλου
1455 2470 1534 2504 φύσει
1559 2471 1589 2497 τὸ
1606 2472 1700 2502 κακὸν,
1716 2471 1771 2498 τῶν

979 2515 1007 2539 ἐν
1019 2516 1074 2546 τοῖς
1089 2515 1309 2552 δημιουργήμασι
1324 2517 1410 2550 λόγων
1424 2517 1544 2551 φυσικῶν
1566 2517 1660 2548 ὄντων,
1679 2517 1725 2543 καὶ
1742 2518 1769 2543 ὲν

978 2560 1065 2585 οὐδενὶ
1080 2561 1292 2597 ἐναντιουμένων
1305 2564 1337 2597 τῇ
1354 2563 1401 2598 ὅλῃ
1414 2563 1493 2596 φύσει
1513 2563 1542 2594 ἐξ
1561 2563 1664 2597 ἀγαθοῦ
1686 2563 1768 2599 οὔσῃ;

979 2606 1009 2631 Εἰ
1022 2607 1109 2632 τοίνυν
1122 2608 1308 2635 ἀποδέδεικται
1321 2609 1369 2643 τὴν
1384 2608 1496 2634 καθόλου
1512 2609 1591 2643 φύσιν
1604 2610 1636 2635 ἐκ
1649 2609 1768 2643 τάγαθοῦ

972 2649 1056 2677 εἶναι·
1079 2654 1142 2684 τοῦς
1158 2654 1185 2679 δὲ
1205 2654 1263 2680 καθ’
1287 2655 1400 2680 ἕκαστον
1420 2655 1448 2681 ἐν
1467 2657 1522 2686 τοῖς
1545 2656 1767 2691 δημιουργήμασι

972 2697 1067 2730 λόγους
1084 2699 1120 2733 μὴ
1139 2700 1322 2726 ἐναντιοῦσθαι
1344 2703 1376 2736 τῇ
1395 2701 1508 2726 καθόλου
1532 2701 1620 2736 φύσει,
1636 2702 1767 2737 πρόδηλον

974 2743 1010 2774 ὡς
1025 2745 1084 2770 οὐδὲ
1102 2746 1129 2771 ἐν
1146 2746 1224 2779 φύσει
1238 2747 1266 2772 τὸ
1282 2748 1380 2773 και-κύν’
1396 2747 1472 2773 τοῦτο
1483 2748 1509 2774 δὲ
1525 2748 1562 2775 τῶ
1579 2748 1653 2782 καλῷ
1665 2749 1674 2763 ⁰
1691 2749 1767 2774 ἑναν>

591 2797 712 2824 VAltlAE
733 2799 926 2827 LEC'HONES
946 2801 989 2827 ET
1011 2803 1287 2833 CORRECTlONES.

173 2839 182 2853 ⁸
194 2839 247 2865 τῶν
260 2840 359 2867 καλῶν.
