1860 2961
119 87 165 113 Nl!

527 84 697 111 APPENDIX
717 83 761 110 AD
780 82 893 110 OPEnix
917 82 944 109 S.
966 81 1114 109 btoNYsu
1135 79 1328 108 AREOPAGtT
1343 80 1367 106 E

1688 79 1742 107 &aa

118 148 146 168 υῑ
162 147 225 171 sunt
239 144 360 179 symbola
377 143 592 177 intelligibilibus
608 142 810 177 individuisque
822 143 902 169 rebus
919 144 939 171 A
956 141 1098 176 συμῧὸλοις
1120 141 1318 177 παραδιδούσαν
1339 140 1381 166 διὰ
1398 140 1446 175 τῆς
1470 140 1608 175 ἱερατικῆς
1626 141 1739 175 παραδό-

118 190 301 225 praegnantia,
319 197 410 224 quaeve
429 197 490 215 eum
514 189 614 224 partito
637 189 809 220 dividantur,
827 189 903 222 sigua

117 237 217 270 alioqui
236 244 327 262 rerum
342 239 406 262 sunt
421 235 637 269 impartibilium.
655 234 687 261 Et
703 235 759 261 haze
778 242 844 261 saue
857 241 903 260 vo-

116 286 158 308 rat
172 281 290 316 σύμόολα
301 281 519 315 πεπληθυσμὲνα,
531 281 608 315 signa
621 280 747 307 nimirum
770 280 796 306 in
809 287 904 306 nume-

116 336 205 355 rosam
230 327 431 354 multitudinem
448 327 634 353 excrescentia
652 327 708 353 sive
724 326 904 360 multiplicata

114 374 146 400 ad
165 373 232 399 illud
252 373 325 407 quod
341 381 435 399 verum
452 376 493 399 cst
509 377 534 399 et
550 372 688 407 singulare
708 372 818 399 collata.
836 371 903 398 Nam

115 419 180 445 illud
206 419 228 445 si
257 419 321 452 quid
346 418 438 449 suerit,
462 418 555 452 utique
580 418 719 452 singulare
741 420 792 444 est.
817 416 904 442 Porro

115 465 191 499 signa
210 464 283 491 illius
299 464 447 498 singularis
465 468 491 490 et
506 462 651 490 individuae
669 463 707 489 rei
723 461 903 496 significativa

116 509 291 536 innumerosa
317 509 501 535 extenduntur
531 508 705 534 multitudiue
719 516 725 533 :
757 510 813 533 tum
841 506 903 540 qui-

115 555 186 586 dem,
203 555 277 590 quod
295 563 343 589 per
368 554 442 581 aliud
458 558 483 581 et
505 553 578 580 aliud
604 553 743 580 declarant
758 552 903 587 genuinam

114 602 202 636 ipsam
217 601 358 628 veritatem
373 611 379 628 ι
394 606 449 627 tum
466 608 529 627 vero
545 600 608 635 quia
624 600 730 634 longius
742 600 776 626 ab
789 599 835 626 illo
847 599 904 626 sin-

114 648 201 682 gulari
219 651 283 674 sunt
298 654 469 681 quaecunque
485 646 585 680 aliquis
604 645 727 680 symbola
750 644 860 676 dixerit,
876 649 904 670 et

115 701 164 728 pro
180 693 353 720 multitudine
377 691 524 718 formarum
547 691 618 726 (quae
634 690 688 718 Deo
706 689 902 724 attribuuntur)

116 747 257 767 sermones
275 739 356 766 etiam
375 738 426 772 ipsi
448 737 607 764 dividuntur
622 737 659 772 (et
674 735 913 771 multiplicantur);

115 785 181 812 illud
193 793 257 812 vero
272 784 459 820 propterquod
475 784 531 810 haee
545 788 571 811 et
587 784 654 810 liunt
670 786 695 810 et
706 783 835 809 dicuntur
850 781 904 809 sin-

114 832 208 866 gulare
221 835 262 858 est
277 835 304 858 et
321 831 501 857 individuum.
514 829 568 857 Nec
580 830 652 857 euim
668 828 833 855 arbitremur
846 827 903 854 haec
919 820 938 847 Β

114 878 189 912 signa
212 877 349 911 proposita
372 884 462 903 rerum
484 875 632 911 symbolice
648 874 836 902 exsistentium
852 881 902 908 pro

114 932 143 950 se
159 924 226 958 ipsis
242 923 303 949 sicta
318 930 388 953 esse,
408 922 458 948 lioc
479 925 519 948 cst
535 925 564 947 ut
577 921 617 948 sie
630 921 687 955 ipsa
700 919 900 954 concipiantur,

114 969 342 1004 quemadmodum
372 969 479 1003 siguum
508 968 678 1002 propositum
708 967 830 993 eontinet
841 986 848 997 ‚
876 970 902 992 et

114 1016 186 1043 nuda
202 1016 293 1043 littera
313 1015 444 1046 insinuat,
462 1015 508 1041 sed
527 1014 738 1048 praemsttuntur,
754 1013 902 1047 praelucent

114 1061 255 1095 sapientiae
272 1060 352 1095 vulgo
375 1059 506 1086 indicibili
534 1063 561 1086 et
585 1059 694 1085 divinae.
720 1058 845 1085 Tectoria
864 1057 902 1084 si-

113 1106 223 1140 quidem
243 1109 307 1132 suut
322 1105 445 1139 quaedam
463 1109 489 1131 et
505 1105 586 1131 rudes
603 1103 825 1130 adumbrationes
840 1110 902 1129 sen-

113 1160 193 1178 suum
202 1150 281 1186 longe
289 1151 494 1185 profundiorum
505 1157 721 1183 arcanarumque
731 1149 900 1182 opinionum.

114 1196 170 1223 llas
185 1196 257 1223 enirn
274 1196 415 1222 seientiam
432 1195 499 1222 dicit
516 1202 642 1222 sermone
658 1195 814 1222 declarante
830 1195 902 1229 quod

113 1243 197 1269 altera
213 1242 375 1276 requirenda
384 1241 488 1268 sitistis
501 1241 593 1275 liguris
601 1241 714 1268 seientia
724 1241 809 1267 multo
817 1241 902 1267 subli-

113 1289 281 1322 lulOt·,quam
290 1287 413 1322 quisquis
423 1287 602 1321 spiritualiter
609 1288 816 1320 contemplatur,
825 1287 904 1322 spiri-

113 1334 196 1360 tualia
206 1341 367 1368 comparans
376 1333 580 1367 spiritualibus:
594 1333 637 1359 liic
647 1333 726 1367 plane
737 1333 810 1359 illam
819 1337 901 1365 tenet,

112 1379 283 1406 orationibus
299 1379 408 1413 quidem
423 1387 476 1404 nou
498 1379 729 1409 demonstrativis.
749 1379 795 1410 sed
821 1379 902 1413 spiri-

114 1424 331 1451 tualibus.Porro
342 1425 399 1451 brec
408 1425 484 1459 signa
493 1425 660 1459 oportuit,ad
669 1434 732 1452 eum
742 1425 851 1453 modum
862 1433 904 1453 sa-

112 1471 166 1497 eris
176 1471 325 1496 inumbrari
335 1471 404 1505 typis
413 1480 419 1497 ε
429 1475 457 1497 ιιι
466 1471 499 1498 ab
507 1472 545 1498 eis
553 1472 779 1498 submovereutur
786 1472 899 1507 indigni,
916 1491 936 1520 C

112 1523 179 1542 neve
190 1516 356 1550 contemptui
366 1520 582 1550 exponerentur:
592 1521 674 1551 utque
685 1516 738 1543 illis
749 1517 815 1544 solis
826 1525 902 1544 reve-

113 1563 202 1588 lentur
211 1562 377 1596 perleetis,et
385 1570 492 1588 omnem
502 1562 658 1589 indecoram
667 1562 798 1596 superbis
806 1562 901 1597 imagi-

113 1608 250 1634 nationem
261 1607 458 1642 rejicientibus,
471 1608 541 1634 etad
556 1609 642 1641 ipsam
660 1616 746 1642 usque
754 1608 901 1642 pervadere

113 1654 256 1679 veritatem
276 1653 441 1683 valentibus,
461 1653 504 1678 vix
521 1653 630 1687 quidem
650 1653 745 1679 leviter
760 1653 899 1687 signorum

111 1699 283 1730 varietatem,
306 1699 435 1725 unitatem
453 1699 535 1733 280
562 1707 626 1726 vero
651 1707 703 1726 uon
730 1699 901 1726 demonstra-

116 1745 191 1771 tio‘ne
206 1751 255 1770 uec
271 1743 489 1774 ratiocinatione,
504 1743 549 1770 sed
562 1743 680 1778 simplici
693 1744 790 1770 inentis
805 1750 901 1777 appre-

112 1790 245 1816 hensione
256 1789 521 1823 eomprelieiuleudo.
533 1788 651 1815 Proinde
666 1788 764 1823 duplex
776 1793 816 1815 est
829 1789 901 1815 theo-

113 1835 236 1869 logorum
260 1833 388 1860 traditio:
403 1833 460 1859 lucc
478 1833 586 1867 quidem
605 1841 653 1867 per
668 1834 757 1868 signa,
774 1834 818 1859 illa
837 1841 900 1860 vero

113 1885 257 1907 exercetur
291 1887 338 1914 per
366 1884 499 1906 creatur-“c
530 1880 788 1914 contemplationem
801 1900 808 1911 ‚
837 1880 900 1907 dum

114 1927 239 1952 videlieet
261 1933 276 1951 a
310 1932 440 1952 creaturae
464 1926 650 1960 speculatione
678 1927 829 1952 sublimiter
857 1934 901 1952 ra-

115 1974 188 2007 pitur
210 1981 287 1999 inens
303 1972 336 1999 ad
353 1973 612 2007 contemplationem
637 1973 752 2007 opificis.
778 1972 899 2000 Priorem

114 2020 208 2045 «licens
229 2027 356 2045 arcanam
373 2024 396 2046 et
423 2019 578 2053 mysticam,
597 2019 704 2045 iuterim
731 2019 795 2045 dum
823 2023 900 2045 vocat

113 2074 171 2092 eam
194 2065 370 2100 symbolicam
385 2075 390 2091 :
405 2066 515 2100 perinde
542 2069 584 2092 est
604 2073 634 2092 ac
657 2066 678 2092 si
702 2066 821 2092 declaret
841 2073 900 2091 eam

114 2120 184 2142 csse,
201 2119 261 2145 quae
276 2119 323 2145 per
348 2111 448 2145 figuras
471 2112 571 2138 divinis
597 2111 715 2138 oraculis
738 2111 836 2137 tradita
852 2111 897 2137 sit.

955 197 1032 219 σεως.
1051 187 1158 222 Ταύτην
1183 188 1210 213 δὲ
1231 187 1281 221 τὴν
1306 186 1470 221 ἀπόρρητον,
1488 187 1546 221 ἤτοι
1564 186 1739 221 συμδολικὴν,

955 233 1048 267 φησιν,
1066 234 1136 268 ἔχειν
1155 232 1396 267 συμπεπλεγμένον
1413 232 1449 266 τῷ
1467 232 1550 267 ῥητῷ,
1567 233 1688 259 τουτέστι
1702 232 1741 267 τῷ

955 280 1071 316 ῥηθῆναι
1094 279 1322 315 ἐπιτετραμμένῳ
1339 277 1377 313 τῷ
1394 278 1530 313 συμὸόλῳ,
1547 279 1593 304 καὶ
1609 279 1639 305 τὸ
1653 279 1740 314 ἅρῤη-

953 335 1013 358 τον,
1030 327 1088 361 ἢτοι
1113 326 1250 361 μυστικὸψ
1272 325 1463 351 συνεσκίασται
1484 324 1538 359 γὰρ
1561 325 1589 350 ἐν
1615 324 1653 358 τῷ
1674 333 1740 358 συμ-

954 372 1022 407 δόλῳ
1040 372 1070 398 τὺ
1092 372 1205 407 ἀληθὲς,
1224 372 1270 397 καὶ
1289 369 1482 406 ἀδημοσίευτόν
1506 371 1589 400 ἐστιν,
1605 370 1641 400 ὡς
1658 371 1686 395 “εν
1702 368 1741 403 τῷ

954 418 1057 453 νομικῷ
1071 418 1101 444 τὸ
1117 418 1214 453 ἀληθὲς
1231 416 1333 451 τιὰσχα,
1346 415 1439 450 ὥσπερ
1450 415 1564 450 εἴρηται·
1587 414 1620 440 Τὸ
1637 413 1741 447 πάσχα

954 463 1037 497 ἡμῶν
1059 464 1127 499 ὑπὲρ
1149 463 1228 498 ἡμῶν
1244 462 1332 495 ἐτύθη
1350 461 1485 495 Χριστίς.
1508 460 1544 485 Τὸ
1566 460 1594 485 δὲ
1617 459 1741 494 δεύτερον

956 509 1036 544 μέρος
1058 509 1107 543 τῆς
1133 508 1271 541 θεολογίας
1295 506 1415 541 ἐμφανές
1442 507 1499 531 ἐστι
1528 506 1574 531 καὶ
1594 504 1739 540 γνώριμον.

954 554 1060 589 Ταύτην
1076 554 1125 589 τὴν
1145 553 1282 587 θεολογίαν
1309 552 1450 586 φιλόσοφον
1476 551 1523 577 καὶ
1550 550 1742 584 ἀποδεικτικὴν

954 600 1039 632 εἶπεν,
1056 600 1093 631 ὡς
1109 599 1151 625 διὰ
1167 600 1215 635 τῆς
1231 599 1418 633 κατανοήσεως
1440 598 1494 623 τῶν
1516 598 1681 632 κτισμάτων,
1696 597 1742 623 καί

954 655 1033 673 τινων
1049 646 1127 672 θείων
1145 645 1315 680 οἰκονομιῶν,
1333 645 1379 670 καὶ
1395 644 1445 679 τῆς
1462 644 1631 679 θεωρητικῆς
1646 643 1742 679 ἐξηγή-

954 701 1022 723 σεως
1045 692 1097 718 τῶν
1115 692 1177 726 περὶ
1193 691 1260 717 Θεοῦ
1277 691 1430 726 λεγομὲνων
1447 693 1474 717 ὲν
1493 692 1552 722 ταῖς
1575 691 1660 722 θείαις
1676 691 1742 726 Γρα·

954 739 1017 772 φαῖς
1041 737 1247 772 συνισταμένην.
1274 737 1329 762 Καὶ
1353 737 1421 772 αὕτη
1445 737 1493 772 μὲν
1513 738 1529 772 ἡ
1553 737 1741 772 ὲμφανεστέρα

955 782 1010 817 ἔχει
1025 782 1085 808 τινὰ
1102 781 1186 808 πειθὼ
1203 782 1250 808 καὶ
1271 782 1463 817 συνδεδεμένην
1482 782 1609 817 ἀλήθειαν
1624 783 1680 813 τοῖς
1695 782 1740 808 λε-

954 829 1087 864 γομένοις·
1115 828 1184 855 κατὰ
1209 828 1287 854 τοῦτο
1311 828 1365 863 γάρ
1390 829 1447 854 ἐστι
1479 829 1524 854 καὶ
1550 828 1740 863 ἀποδεικτικὴ,

953 875 1081 901 πείθουσα
1098 876 1143 901 καὶ
1167 874 1368 909 καταδουμένη,
1387 874 1432 900 καὶ
1454 874 1535 900 οἱονεὶ
1560 874 1659 909 δεσμόν
1680 883 1741 900 τινα

952 921 999 948 καὶ
1023 922 1157 957 σφραγῖδα
1179 922 1235 951 τοῖς
1255 920 1409 955 λεγομένοις
1429 920 1580 946 ἐπιτιθεῖσα
1603 929 1652 954 την
1678 920 1742 954 ἁλή-

952 967 1026 993 θειαν
1051 966 1123 999 (216)-
1143 967 1189 992 καὶ
1211 966 1319 992 διδοῦσα
1342 965 1371 991 τὸ
1391 965 1484 991 πιστὸν
1506 967 1560 996 τοῖς
1583 965 1740 996 ἁκούουσιν,

951 1011 1164 1046 ὑποὸαλλομένη,
1181 1012 1221 1037 ὅτι
1241 1011 1273 1037 τὰ
1289 1011 1394 1046 μεγάλα
1409 1011 1456 1037 καὶ
1470 1012 1593 1046 μεγάλως
1604 1011 1740 1045 ὀφείλουσι

952 1058 1080 1090 νοεῖσθαι,
1099 1058 1144 1083 καὶ
1171 1057 1362 1092 προσηκόντως
1386 1058 1418 1092 τῇ
1441 1056 1514 1090 σφῶν
1544 1055 1740 1090 μεγαλειότητι,

952 1103 999 1129 καὶ
1014 1103 1062 1138 οὐχ
1078 1103 1169 1135 ἁπλῶς
1186 1103 1311 1138 χυδαίως,
1329 1103 1375 1128 καὶ
1391 1102 1428 1134 ὡς
1445 1103 1469 1128 οἱ
1487 1101 1579 1128 πολλοὶ
1598 1101 1741 1136 μανθάνειν

954 1150 1104 1184 βούλονται·
1131 1149 1173 1180 τίς
1190 1149 1254 1184 γὰρ,
1279 1148 1339 1175 ἰδὼν
1362 1148 1438 1183 ἣλιον
1467 1148 1623 1182 λάμποντα,
1648 1147 1742 1172 ἔπειτα

953 1195 1070 1225 ἀκούσας
1086 1195 1131 1220 τον
1146 1194 1229 1220 αἴτιον
1242 1194 1323 1220 αὑτοῦ
1340 1194 1387 1219 καὶ
1401 1193 1578 1228 παραγωγέα,
1594 1192 1623 1218 ού
1644 1200 1742 1226 φωτει-

953 1241 996 1266 νὸν
1015 1240 1063 1276 μὲν
1080 1241 1240 1275 κατανοήσει
1260 1241 1373 1271 ἐκεῖνον,
1389 1240 1435 1265 καὶ
1448 1239 1518 1273 ὑπὲρ
1531 1238 1561 1264 τὸ
1576 1237 1695 1264 τοιοῦτον
1708 1235 1739 1271 δὴ

953 1286 1032 1312 πάλιν
1050 1286 1106 1319 φῶς
1123 1286 1186 1312 ὅντα
1208 1285 1277 1312 κατὰ
1293 1285 1376 1317 πολύ;
1396 1286 1419 1311 εἰ
1436 1283 1534 1320 γὰρῆν
1547 1284 1676 1314 τοιοῦτος,
1691 1283 1740 1309 οὐκ

954 1332 986 1358 ἃν
1002 1331 1121 1358 τοιούτου
1137 1331 1250 1367 ποιητὴς
1265 1331 1297 1357 ἂν
1313 1329 1357 1366 ἦν·
1383 1331 1429 1362 Τίς
1441 1331 1468 1356 δὲ
1482 1330 1571 1361 πάλιν,
1592 1329 1679 1360 ζῶντα
1695 1329 1741 1354 καὶ

953 1378 1113 1414 ἐνεργοῦντα
1138 1379 1185 1404 καὶ
1209 1378 1355 1412 κινούμενα
1379 1376 1456 1408 ἰδὼν,
1480 1377 1529 1402 οὐκ
1555 1375 1741 1408 ἀναλογίζεται

952 1425 999 1451 τὸν
1017 1425 1129 1460 ποιητὴν
1147 1424 1234 1450 αὐτῶν
1250 1425 1296 1450 καὶ
1314 1424 1401 1455 ζῶντα
1415 1423 1484 1458 ὑπὲρ
1497 1422 1583 1448 ταῦτα
1600 1421 1645 1447 καὶ
1658 1422 1741 1454 ἀσυγ-

954 1472 1062 1507 κρίτως,
1085 1471 1131 1497 καὶ
1143 1471 1299 1505 κινούμενον
1317 1470 1387 1505 ὑπὲρ
1400 1469 1499 1499 ταύτας
1508 1469 1539 1504 δὴ
1550 1468 1598 1499 τὰς
1608 1468 1739 1502 κινήσεις,

953 1517 1071 1552 δηλονότι
1086 1518 1118 1551 τῇ
1131 1516 1226 1542 ἑαυτοῦ
1238 1515 1338 1550 θεωρίᾳ
1352 1515 1421 1541 κατὰ
1432 1515 1476 1540 τὸν
1489 1514 1570 1540 πολὺν
1581 1513 1614 1539 τὰ
1625 1513 1683 1539 θεῖα
1694 1513 1741 1538 καὶ

954 1563 1038 1598 μέγαν
1050 1563 1206 1598 Γρηγόριον,
1216 1563 1261 1588 καὶ
1269 1562 1429 1597 ἐνεργοῦντα
1441 1560 1601 1595 κρειττόνως
1612 1560 1640 1590 ἐς
1656 1560 1705 1585 ὐπε
1711 1568 1736 1594 ρ-

953 1609 1031 1644 6ολὴν
1048 1609 1116 1644 ὑπὲρ
1131 1608 1164 1634 τὰ
1181 1609 1337 1643 ποιήματα;
1354 1608 1408 1633 Καὶ
1422 1606 1531 1641 τοιαύτη
1549 1605 1597 1640 μὲν
1612 1607 1628 1640 ὴ
1649 1605 1739 1639 ἐμφα-

952 1655 1074 1690 νεττέρα,
1091 1655 1143 1681 ἀπὸ
1162 1655 1213 1689 τῆς
1228 1654 1281 1680 τῶν
1298 1653 1456 1688 ποιημάτων
1480 1652 1586 1686 φύσεως
1602 1651 1648 1677 τὸν
1663 1659 1741 1685 ποιη-

951 1702 999 1736 τὴν
1014 1701 1239 1727 ἀποδεικνύουσα·
1252 1699 1296 1725 διὰ
1309 1699 1387 1725 τοῦτο
1401 1699 1455 1733 γὰρ
1471 1699 1517 1724 καὶ
1536 1697 1687 1731 φιλόσοφος,
1703 1697 1741 1728 ὡς

951 1750 983 1783 τῇ
1001 1748 1080 1782 φύσει
1094 1747 1316 1783 ἐμφιλοχωροῦσα
1327 1747 1376 1780 τῆς
1389 1746 1512 1776 κτίσεως,
1523 1743 1668 1770 κάντεῦθεν
1682 1743 1740 1769 θεο-

952 1794 1067 1828 λογοῖισα
1085 1794 1119 1820 τὰ
1134 1793 1204 1829 ὑπὲρ
1221 1793 1309 1827 φύσιν.
1328 1793 1359 1818 Ἡ
1373 1793 1400 1818 δὲ
1415 1791 1564 1826 συμῧολικὴ
1579 1791 1628 1816 ούκ
1642 1789 1698 1824 ἔχει
1710 1790 1740 1815 τὸ

953 1841 1064 1871 πείθειν,
1083 1840 1139 1866 ἀλλ’
1158 1839 1298 1875 ἐνέργειαν
1318 1847 1378 1864 τινα
1400 1838 1472 1864 θείαν
1492 1836 1581 1871 ἀφανῆ
1607 1836 1654 1862 καὶ
1674 1836 1740 1870 δρα-

953 1887 1071 1922 στήριον,
1085 1887 1145 1920 ἣτις
1158 1885 1207 1916 τὰς
1224 1884 1420 1920 μυστηριώδεις
1436 1884 1482 1910 καὶ
1507 1883 1676 1919 θεωρητικὰς
1689 1883 1741 1917 ψυ-

952 1932 1002 1966 χὰς
1014 1931 1055 1957 διὰ
1073 1931 1127 1957 τῶν
1142 1930 1289 1965 μυστικῶν,
1304 1930 1363 1964 ἤτοι
1378 1929 1546 1963 συμὸἰολικῶν
1562 1927 1738 1962 αἰνιγμάτων,

952 1978 1066 2012 ἐνιδρύει
1082 1978 1128 2003 καὶ
1140 1977 1220 2002 οἱονεὶ
1237 1975 1355 2010 θεμελιοῐ
1371 1976 1410 2005 εἰς
1424 1975 1469 2000 τὸν
1483 1974 1548 2000 Θεὺν
1563 1973 1606 1999 διὰ
1626 1973 1679 1999 τῶν
1701 1973 1738 2008 μὴ

951 2024 1021 2058 λόγῳ
1038 2023 1234 2057 διδασκομένων
1256 2021 1427 2056 μυστηρίων,
1449 2020 1515 2046 ἀλλὰ
1532 2021 1593 2054 σιγῇ
1611 2021 1656 2046 καὶ
1672 2020 1739 2045 ἀπο-

952 2069 1066 2103 καλύψει
1088 2067 1165 2093 θείων
1184 2066 1342 2101 ἐλλάμψεων
1356 2074 1362 2079 ·
1379 2066 1425 2091 καὶ
1441 2064 1550 2098 φωτίζει
1565 2064 1610 2090 τὸν
1625 2064 1686 2090 νοῦν
1699 2065 1738 2096 είς

951 2115 1000 2146 τὰς
1023 2115 1075 2140 τῶν
1102 2114 1227 2149 ἀρρήτων
1244 2112 1398 2147 μυστηρίων
1422 2111 1611 2145 κατανοήσεις·
1628 2110 1671 2136 διὰ
1683 2109 1738 2145 γὰρ

114 2156 242 2183 Eamdem
259 2164 365 2190 quoque
378 2156 535 2191 τελεστικὴν
551 2156 658 2187 asserit,
674 2159 702 2181 ut
718 2164 778 2190 quae
794 2163 841 2189 per
856 2163 900 2182 sa·
915 2159 937 2185 D
951 2161 1004 2186 τὼν
1020 2160 1186 2194 τελουμένων
1195 2159 1289 2193 (ταῦτα
1304 2158 1357 2193 γάρ
1371 2158 1428 2183 ἐστι
1446 2157 1480 2183 τὰ
1498 2157 1560 2192 παρ’
1574 2156 1656 2191 αὐτῆς
1667 2155 1736 2191 δρώ-

115 2202 254 2229 eerdotum
279 2201 490 2232 iustitutionem,
508 2201 685 2228 caeremonias
701 2201 791 2227 tradat
806 2208 899 2227 sacra-

114 2253 286 2280 mentorum,
312 2249 524 2282 comprehensas
558 2249 699 2283 signinum
737 2248 896 2275 involucris.

114 2293 189 2321 Hauc
211 2302 306 2321 rursus
326 2301 453 2320 arcanam
477 2295 534 2321 sive
555 2294 731 2328 symbolicam
756 2294 854 2320 astruit
871 2294 898 2320 iu

113 2348 143 2366 se
165 2339 305 2366 continere
330 2339 458 2373 quiddam
482 2339 628 2373 implexum
654 2339 692 2365 rei
714 2339 825 2371 affabili,
848 2339 898 2365 boe

113 2389 164 2416 est,
179 2393 239 2419 quae
252 2390 280 2411 ut
295 2385 347 2411 dici
366 2385 486 2419 promive
497 2388 588 2419 queat,
605 2384 698 2419 figuris
711 2385 899 2420 significativis

113 2431 259 2457 commissa
274 2434 315 2457 cst
333 2435 359 2457 et
374 2430 486 2457 inserta.
508 2430 539 2456 Et
559 2430 611 2457 boc
626 2430 804 2458 nibilominus
820 2438 899 2456 arca-

114 2484 178 2502 num
204 2477 314 2508 dicitur,
333 2477 384 2503 hoc
406 2481 447 2504 est
471 2477 628 2511 mysticum.
644 2476 811 2504 Adumbrata
827 2479 898 2504 enim

113 2524 154 2546 est
178 2520 203 2545 iu
228 2520 285 2554 ipso
307 2522 385 2555 signo
405 2522 549 2556 figurativo
571 2522 684 2554 veritas,
701 2530 751 2549 uec
773 2522 800 2549 in
824 2523 897 2558 vulgi

115 2567 294 2601 coguitionem
308 2569 448 2595 educenda
463 2579 468 2595 z
481 2570 707 2603 quemadmodum
720 2571 747 2597 iu
760 2570 837 2605 legali
851 2570 896 2596 illo

115 2614 198 2647 phase
217 2621 308 2639 verum
325 2614 426 2641 Pascha
444 2616 640 2647 delineabatur,
657 2616 807 2643 secundum
824 2616 896 2650 quod

115 2659 216 2685 dictum
238 2663 279 2685 est
300 2658 382 2685 Paulo
397 2669 403 2685 :
418 2659 522 2686 Pascha
543 2665 661 2687 nostrum
683 2669 732 2695 pro
754 2662 831 2688 nobis
847 2662 896 2687 im-

117 2706 230 2730 molatus
257 2709 294 2729 est
317 2703 436 2731 Christus
452 2705 473 2732 ¹.
500 2705 546 2733 Illa
568 2707 653 2734 altera
671 2708 813 2743 theologia:
832 2715 895 2743 pars

156 2789 302 2820 11C01·.v,
320 2792 344 2819 7,

954 2215 1030 2240 μενα,
1054 2205 1093 2231 διὸ
1116 2205 1162 2230 καὶ
1181 2204 1321 2238 τελεστικὴ
1348 2202 1492 2236 λέγεται·)
1517 2202 1678 2236 προσοικειοῖ
1698 2199 1736 2235 τῷ

952 2252 1010 2286 (νεῷ
1023 2251 1200 2286 πραγματικῇ
1217 2249 1271 2281 ἐ’ξει
1285 2258 1314 2275 τε
1328 2249 1375 2274 καὶ
1390 2248 1509 2274 τυπώσει
1525 2248 1601 2281 (ὅπερ
1618 2246 1664 2272 καὶ
1678 2245 1735 2271 ἀδι-

947 2298 1061 2327 δάκτους
1079 2296 1270 2331 μυσταγωγίας
1287 2295 1437 2327 ἐκάλεσεν).
1460 2294 1487 2318 '0
1502 2292 1555 2328 γὰρ
1570 2293 1598 2317 ἐν
1619 2291 1733 2326 μεθέξει,

949 2342 1014 2376 φέρε
1039 2343 1136 2373 εἰπεῖν,
1160 2340 1214 2366 τῶν
1239 2340 1379 2374 ἁχραντων
1396 2338 1488 2372 δώρων
1511 2337 1654 2370 γενόμενος
1678 2336 1734 2361 ἀδι-

947 2388 1053 2418 δάκτως
1073 2388 1292 2422 μυσταγωγεῐται
1308 2385 1353 2410 καὶ
1379 2382 1574 2418 πραγματικῶς
1590 2382 1634 2407 τὸν
1657 2382 1735 2415 ἁγια-

949 2432 1015 2466 σμόν
1028 2440 1034 2446 ’
1051 2432 1094 2459 διὰ
1108 2431 1186 2457 τοῦτο
1202 2431 1248 2456 καὶ
1264 2431 1280 2464 ἡ
1292 2428 1400 2463 τοιαύτη
1417 2428 1465 2462 μὲν
1481 2426 1598 2462 μυστικὴ
1614 2425 1733 2459 θεολογία

948 2477 1008 2512 δρᾷ,
1024 2479 1039 2512 ὴ
1056 2477 1083 2503 δὲ
1099 2477 1141 2503 διὰ
1166 2477 1216 2511 τῆς
1241 2475 1428 2509 κατανοήσεως
1450 2473 1500 2507 τῆς
1517 2473 1634 2503 πίστεως
1647 2471 1733 2498 πείθει

949 2524 995 2548 καὶ
1010 2524 1099 2557 ἐνάγει
1116 2523 1182 2559 πρὸς
1197 2522 1246 2557 τὴν
1268 2520 1394 2555 ἀλήθειαν
1411 2519 1476 2553 (27).
1493 2519 1546 2544 Καὶ
1566 2519 1617 2553 μὴν
1632 2518 1661 2543 οὐ
1685 2517 1733 2551 μό-

948 2578 992 2596 νον
1006 2571 1021 2604 ὴ
1039 2570 1136 2604 νομικὴ
1151 2568 1307 2604 παράδοσις,
1323 2566 1389 2593 ἀλλὰ
1404 2566 1449 2592 καὶ
1465 2566 1481 2600 ἠ
1498 2564 1591 2599 τελετὴ
1605 2563 1658 2589 τῶν
1673 2563 1733 2590 καθ’

947 2617 1020 2651 ἡμᾶς
1039 2616 1193 2651 μυστηρίων
1216 2615 1270 2640 τῶν
1292 2613 1369 2648 ἱερῶν
1393 2612 1489 2646 ἐδεήθη
1513 2610 1662 2646 συμὸόλων.
1678 2610 1732 2636 Καὶ

946 2662 1020 2687 οὐδὲν
1034 2661 1198 2696 θαυμαστὸν,
1215 2661 1280 2686 ὅπου
1296 2668 1327 2693 γε
1353 2658 1398 2684 καὶ
1414 2658 1439 2683 οἱ
1461 2657 1568 2691 ἄγγελοι
1592 2656 1624 2682 δι’
1644 2656 1730 2688 αἰνιγ-

948 2708 1040 2742 μάτων
1065 2708 1099 2734 τὰ
1123 2707 1180 2734 θεῖα
1207 2706 1342 2741 μυστήρια
1365 2704 1525 2739 προάγουσι.
1547 2703 1602 2730 Καὶ
1623 2699 1731 2732 αὐτὸςὸ
