1860 2961
183 119 234 147 787

749 121 776 149 S.
794 122 896 153 ὈΙΟΝΧ
902 121 943 148 Sll
961 122 1190 151 AREOPAGtTAE

1748 125 1798 153 788

184 186 228 204 res
247 178 378 204 maximas
401 178 576 212 explicandas
593 186 659 206 usus
677 182 728 210 est.
744 187 799 206 non
814 180 965 206 timuerunt
980 182 1002 209 Α
1019 181 1152 214 permisit,
1170 188 1200 206 ac
1216 180 1344 215 ponderis
1360 180 1438 207 certi.
1457 189 1466 206 ι
1484 180 1582 208 Sextus
1608 181 1733 209 Aurelius
1752 182 1799 209 Vi·-

183 214 391 246 reprelwinlere,
407 218 433 240 et
454 215 551 248 stylum
574 214 644 248 ejus,
660 215 737 248 quasi
754 223 768 240 a
786 215 882 249 spiritu
899 223 966 249 apo-

182 249 279 275 stolico
297 249 425 278 alienum,
443 249 582 275 denotare.
598 249 629 275 lli
642 254 731 276 autem
748 250 891 275 maximam
910 259 968 284 pai·-

183 288 237 309 tem
259 289 321 310 sunt
347 284 476 314 lucretici,
497 292 613 318 quorum
630 292 712 310 unum
733 292 764 310 ex
781 285 967 319 antesignanis

183 318 309 344 refutavi.
330 318 406 348 vide,
427 319 449 344 si
466 319 565 352 placet,
586 319 841 353 int'raquaestionem
856 327 884 351 n,
906 329 967 355 quae

183 357 237 379 tota
252 358 292 379 est
312 353 345 379 dc
363 354 472 387 scriptis
488 354 516 380 S.
535 354 666 389 Dionysii.

218 388 312 414 Merito
329 397 394 414 sane
407 389 479 415 leves
495 390 646 424 appellandi
662 395 736 421 sunt,
753 389 798 424 qui
812 390 917 417 levibus
933 392 967 419 de

181 424 273 449 causis
291 428 385 450 contra
416 429 526 451 sanctos
549 424 642 451 Patres
665 430 817 455 moventur,
836 429 882 451 aut
906 434 965 452 mo-

182 459 238 483 teri
269 467 297 484 se
320 459 430 491 siinnit;
456 460 581 486 audaculi
598 460 690 489 etiam,
710 468 743 485 ne
767 460 881 494 gravius
899 463 964 495 quid

181 493 299 524 dicatur,
315 494 361 528 qui
377 494 509 521 adversus
526 495 643 528 majores
667 502 731 521 suos
745 495 849 528 judicia
864 499 965 524 temere

181 528 328 562 arripiunt,
346 537 495 563 eorumque
521 530 594 555 dicta
610 534 635 555 et
656 530 725 555 sacta
752 529 964 563 imprudentium

181 570 256 589 more
272 571 368 589 canum
386 565 520 590 allatrant.
540 564 606 590 llinc
624 569 695 590 recte.
718 563 880 591 Franciseus
897 566 965 592 Sua-

180 605 235 627 rez,
254 606 380 632 magnum
397 607 480 625 sacrae
506 599 647 633 theologia·v
662 600 797 630 columen,
815 604 840 625 et
858 601 899 626 sui
915 610 965 628 ste-

179 633 234 659 cuti
250 640 340 659 rarum
358 634 451 665 decus,
470 638 542 660 recte
558 634 662 660 monuit
687 635 713 660 in
735 642 785 660 sno
811 634 843 660 ad
866 636 964 662 librum

178 667 217 693 De
234 669 334 702 anqelis
353 670 495 702 pri-(Pinio,
523 668 662 694 vitandam
684 677 745 695 csse
770 676 863 695 eorum
881 672 965 697 auda-

178 703 260 732 ciam,
278 704 324 737 qui
341 704 423 731 libros
441 704 574 738 Dionysii,
590 712 658 738 quos
676 704 818 737 habemus,
830 711 964 740 negarunt

177 745 238 764 esse
251 738 370 773 Dionysii
387 739 555 773 Areopagitae„
573 740 685 773 scripta.

214 773 269 808 (22)
293 773 381 807 Neque
393 775 460 800 enini
478 779 537 799 ante
552 774 585 799 ad
596 774 761 800 scribenclion
776 775 893 808 aqqredt,
905 781 959 804 ete.

177 806 239 833 llaec
271 809 379 835 abunde
404 810 601 835 confirmantur
622 818 655 836 ex
672 810 760 843 eapite
775 814 842 841 toto,
858 810 889 837 de
901 812 960 845 ejus

1019 219 1078 241 ctor
1093 215 1198 242 Schotti
1213 216 1252 242 sic
1264 215 1297 242 de
1308 215 1417 242 eodem:
1433 224 1441 240 ι
1463 215 1563 242 Dehinc
1574 222 1649 243 atrox
1666 217 1797 252 caedibus,

1019 249 1152 277 bonorum
1166 250 1299 284 supplicia
1311 258 1390 284 agere
1404 251 1505 285 coepit;
1522 259 1552 277 ac
1568 259 1643 278 more
1658 251 1796 287 Caligulae,

1019 284 1162 312 Dominum
1181 294 1252 315 sese,
1271 285 1408 319 Deumque
1422 286 1474 311 dici
1489 286 1586 319 coegit.
1607 297 1616 312 ›
1635 286 1702 313 Vide
1715 292 1797 315 etiam

1018 319 1129 347 Dionem
1147 321 1193 347 lib.
1211 328 1294 351 nvn,
1322 320 1367 346 ubi
1392 321 1498 352 scribit,
1520 320 1662 347 Juvenium
1689 322 1797 350 Celsum

1017 355 1214 389 conjurationis
1233 363 1322 386 reum,
1346 356 1479 389 frequenti
1503 355 1670 388 adoratione,
1690 362 1717 383 et
1743 357 1796 384 Do-

1018 391 1083 417 mini
1097 390 1197 424 Deique
1209 390 1399 424 appellatione,
1426 398 1503 417 suam
1516 398 1607 417 necem
1625 399 1796 428 prorogasse,

1019 429 1209 459 postremoque
1225 429 1285 451 astu
1303 426 1432 452 erasisse.

1053 461 1108 495 (ΕΠ)
1128 460 1198 486 Ναηι
1214 460 1290 485 modo
1306 461 1331 485 in
1347 461 1469 494 ferventis
1485 460 1535 486 olei
1551 460 1661 492 dotium,
1677 465 1729 488 etc.
1744 462 1797 489 Tc-

1018 496 1067 522 stis
1080 500 1121 522 cst
1137 495 1356 530 Mai-tyrologium
1383 495 1460 522 Rom.
1483 496 1515 522 ad
1529 495 1544 521 6
1560 495 1632 526 Maii,
1649 497 1727 530 eujus
1741 498 1797 524 haee

1017 535 1079 556 sunt
1091 531 1171 557 verba
1186 540 1190 556 :
1209 542 1217 555 a
1240 529 1331 556 Romae
1348 529 1375 556 S.
1392 530 1512 557 Joannes
1527 535 1589 557 ante
1603 534 1709 565 portam
1721 532 1795 559 Lati-

1018 573 1079 592 nam
1093 585 1100 595 ,
1116 566 1160 600 qni
1177 565 1210 591 ab
1222 564 1328 599 Epheso
1347 565 1425 598 jussu
1450 565 1596 592 Domitiani
1622 567 1728 594 vinctus
1744 567 1798 594 lto-

1017 608 1087 626 mam
1104 600 1261 635 perductus,
1278 605 1303 626 et
1315 601 1454 633 Judicante
1471 605 1577 632 senatu,
1601 605 1663 627 ante
1675 602 1797 629 eamdem

1017 641 1122 669 portam
1139 636 1164 661 in
1181 636 1232 661 olei
1256 635 1385 662 ferventis
1401 636 1501 662 dolium
1528 637 1640 668 missus,
1665 637 1760 670 purior
1771 642 1798 665 et

1016 671 1136 703 vegetior
1153 670 1215 696 inde
1231 670 1308 699 exiit,
1319 678 1397 704 quam
1409 671 1529 697 intravit.
1551 681 1559 696 ι

1052 706 1088 732 De
1101 714 1154 740 quo
1169 710 1195 731 et
1214 705 1399 731 Tertullianus
1423 706 1471 733 lib.
1492 706 1529 732 De
1554 707 1796 740 proescm'ptiouv'bus

1016 741 1139 767 adversus
1156 740 1301 770 lucrestcos,
1318 748 1377 774 cap.
1391 740 1440 767 51¹¹:
1466 750 1475 766 ι
1499 741 1587 767 llabes
1612 741 1738 773 Romam,
1755 743 1797 768 in-

1015 776 1084 809 quit,
1099 775 1170 802 unde
1184 775 1261 801 nobis
1272 783 1379 809 quoque
1395 775 1544 802 auctoritas
1561 781 1658 810 praesto
1671 781 1723 804 est.
1740 777 1797 804 Sta-

1015 817 1043 838 tu
1052 811 1115 838 selix
1132 810 1262 841 Ecclesia,
1281 811 1325 836 cui
1342 814 1423 837 totam
1437 811 1588 837 doctrinam
1603 812 1716 845 apostoli
1734 820 1795 839 eum

177 843 204 882 in
220 845 330 878 scriptis
347 845 454 884 pietate,
473 845 598 878 superius
622 845 720 878 posim,
737 845 781 871 ubi
797 849 823 871 et
837 846 958 874 illustres
975 849 996 875 B
1021 846 1154 880 sanguine
1175 845 1351 880 profuderunt
1365 855 1370 872 :
1383 846 1428 872 ubi
1446 845 1542 872 Petrus
1567 847 1686 880 passioni
1705 846 1796 873 Domi-

177 879 275 912 ipsius,
301 879 334 905 de
346 888 371 905 vi
388 884 543 906 sanctarum
575 880 772 913 precationum,
802 888 851 906 nos
867 883 899 908 ad
916 891 963 909 su-

177 920 260 946 perna
290 914 455 945 tollentium,
482 915 675 941 similitudines
692 916 816 949 apposui.
835 914 901 944 Vide
917 925 963 944 ca-

177 952 224 982 put
239 949 274 974 22
289 948 356 975 Vitae
371 950 466 982 ipsius.

212 983 294 1019 476
303 985 357 1018 i23)
369 986 469 1019 Quippe
476 985 518 1020 qui
530 986 678 1012 etonmibus
686 985 733 1012 lzoc
741 985 888 1019 faciendum
899 996 964 1021 prce-

175 1019 288 1045 sntilms.
312 1020 386 1046 llanc
401 1020 554 1046 doctrinam
570 1022 676 1055 egregie
692 1029 706 1046 a
722 1026 817 1048 sancto
834 1022 962 1051 Dionxsio

175 1057 320 1080 tractatam
339 1056 494 1089 reperiesin
515 1056 587 1082 libro
603 1056 639 1082 De
662 1057 838 1083 ecclesiastica
861 1053 963 1084 hierar-

175 1088 244 1128 chisi,
263 1097 322 1123 cap.
339 1091 365 1121 5,
391 1095 417 1117 et
438 1099 451 1117 a
468 1091 547 1117 nobis
572 1091 636 1117 alibi
669 1091 764 1119 Latine
788 1096 814 1118 et
828 1093 900 1120 clare
915 1102 962 1120 ex-

175 1128 302 1157 posttam.

212 1159 313 1193 (ait-⁵25)
329 1160 380 1192 Qui
394 1162 535 1193 imperante
551 1161 699 1190 Domitiano
709 1162 963 1189 soevissimiescstite-

174 1199 247 1220 runt.
263 1194 298 1221 De
310 1196 488 1222 acerbissima
506 1196 651 1223 Domitiani
673 1199 862 1230 perseeutione
886 1199 961 1233 attigi

175 1229 221 1255 ubi
243 1230 339 1264 scripsi
356 1231 389 1257 de.
405 1232 521 1266 imagine
537 1233 614 1265 primi
629 1232 729 1258 saeculi.
747 1231 814 1259 Vide
831 1238 961 1266 praetei·ea

173 1264 322 1291 Eusebium
353 1266 421 1292 libro
446 1275 474 1292 ιιι
501 1266 572 1293 Ilisl.
599 1267 674 1295 eccl„
705 1274 764 1302 cap.
800 1269 847 1301 15,
873 1269 905 1294 14
935 1273 962 1295 ct

173 1299 208 1325 15
222 1320 228 1330 ,
256 1304 282 1327 et
311 1300 507 1327 Tertullianum
536 1303 562 1329 in
591 1303 767 1336 Apologietico,
785 1310 845 1337 cap.
872 1304 897 1330 5.
926 1304 961 1330 De

174 1335 248 1361 iltius
268 1336 430 1363 crudelitate
451 1336 616 1364 Suetonius:
636 1347 644 1362 ‹
666 1338 728 1363 Erat
744 1342 844 1369 autem,
861 1339 959 1373 inquit,

174 1378 228 1410 non
250 1372 337 1397 solum
355 1380 469 1406 magnac,
482 1374 528 1399 sed
544 1377 570 1400 et
584 1372 687 1399 callidae
702 1373 901 1409 inopinataeque
915 1382 963 1401 εω-

174 1410 257 1431 vitae.
277 1417 285 1431 ι

211 1441 265 1473 (26)
288 1442 387 1477 Quippe
404 1451 454 1469 non
476 1442 603 1469 Dominus
621 1444 716 1476 solum,
729 1446 773 1470 sed
790 1445 870 1470 etiam
890 1444 960 1471 Deus

174 1477 313 1509 appellari.
332 1477 368 1504 De
384 1479 435 1504 bac
453 1478 597 1504 Domitiani
625 1481 782 1513 arrogantia
805 1484 886 1514 atque
914 1489 960 1506 su-

1015 882 1083 908 nicae
1106 882 1274 914 adaequatur,
1295 881 1339 906 ubi
1353 881 1454 907 Paulus
1467 880 1579 907 ¹loannis
1593 882 1666 907 exitu
1680 890 1796 908 corona-

1016 921 1072 948 tur,
1094 917 1137 942 ubi
1159 916 1298 950 apostolus
1319 915 1448 946 Joannes,
1476 921 1651 950 posteaquam
1665 917 1690 942 in
1706 918 1796 943 oleum

1014 952 1122 986 igneum
1134 951 1275 978 demersus
1287 951 1353 977 nihil
1370 959 1469 986 passus
1485 956 1536 983 est,
1553 952 1580 978 in
1598 951 1715 977 insulam
1729 952 1798 979 rele-

1033 992 1103 1013 ttttlt‘.
1120 996 1128 1012 D

1014 994 1029 1021 g
1048 1022 1127 1048 Paria
1157 1021 1325 1049 Tertulliano
1355 1021 1439 1048 refert
1462 1020 1644 1056 Hieronymus
1670 1022 1796 1055 pluribus

1014 1056 1091 1083 locis.
1117 1057 1183 1083 vide
1205 1058 1251 1084 lib.
1271 1065 1278 1083 1
1298 1058 1324 1082 in
1345 1056 1527 1089 Jovinianum,
1543 1062 1569 1084 et
1595 1056 1740 1084 Commeat.
1770 1059 1797 1083 in

1013 1091 1180 1124 Mattlioeum,
1197 1100 1256 1127 cap.
1273 1092 1317 1118 20.

1049 1127 1104 1161 (28)
1126 1128 1182 1160 Quo
1194 1132 1217 1153 et
1233 1128 1290 1153 novi
1316 1127 1456 1153 recentium
1481 1135 1599 1154 errorum
1621 1132 1721 1153 satores
1734 1135 1798 1153 con-

1014 1163 1193 1196 funderentur.
1211 1162 1344 1189 Nimirum
1363 1162 1447 1188 Ebion
1464 1166 1490 1189 et
1510 1162 1667 1192 Corinthus,
1695 1163 1740 1196 qui
1769 1163 1795 1188 in

1012 1198 1076 1224 Asia
1092 1202 1118 1224 et
1134 1198 1211 1232 Syria
1226 1198 1329 1224 zizania
1346 1198 1527 1227 seminabant,
1546 1202 1571 1223 et
1586 1197 1686 1224 Christi
1699 1198 1797 1223 ‹livini-

1013 1237 1096 1259 tatem
1119 1233 1299 1267 denegabant.
1315 1242 1323 1257 ι
1348 1232 1520 1259 Novissnnus
1539 1233 1659 1258 omnium
1686 1233 1797 1266 scripsit

1013 1267 1186 1302 Evangelium
1203 1268 1301 1302 (inquit
1323 1267 1503 1302 Hieronymus
1519 1268 1545 1293 in
1563 1267 1740 1301 scriptoribus
1753 1276 1796 1293 ec-

1013 1304 1180 1337 clesiasticis)
1198 1307 1310 1336 rogatus
1332 1303 1366 1329 al)
1389 1303 1459 1329 Asi:e
1485 1303 1633 1336 episcopis,
1663 1303 1796 1329 adversus

1013 1338 1184 1370 Cerintbum,
1212 1339 1334 1372 aliosque
1359 1338 1512 1369 haeretieos‚
1545 1342 1570 1364 et
1595 1338 1711 1364 maxime
1732 1341 1796 1364 tunc

1013 1373 1201 1400 Ebionitarum
1220 1373 1317 1407 dogma
1328 1381 1507 1407 consurgens,
1518 1373 1564 1407 qui
1579 1376 1705 1399 asserunt
1718 1373 1798 1399 Chri-

1013 1413 1083 1435 stum
1098 1412 1160 1435 ante
1187 1407 1297 1434 Mariam
1322 1416 1375 1434 non
1393 1408 1487 1435 luisse.
1505 1418 1513 1434 i
1534 1408 1660 1434 Eamdem
1685 1415 1796 1434 causam

1013 1444 1108 1478 scripti
1125 1452 1138 1470 a
1155 1443 1184 1470 S.
1198 1443 1301 1470 Joanne
1322 1443 1458 1477 Evangelii
1471 1444 1555 1470 inulto
1575 1447 1637 1469 aute
1653 1447 1795 1477 aperuerat

1014 1478 1041 1506 S.
1061 1479 1188 1510 irenaeus,
1215 1479 1283 1505 libro
1306 1487 1332 1505 ιιι
1365 1478 1494 1505 Adversus
1521 1479 1645 1509 Ιιαϊεεεε,
1662 1486 1722 1511 cap.
1752 1478 1795 1510 ll,

174 1512 279 1545 pei-bia,
306 1522 357 1547 qna
379 1514 446 1540 deus
463 1519 488 1540 et
510 1514 638 1540 dominus
662 1515 790 1549 appellari
807 1515 903 1546 voluit,
921 1516 957 1541 ita
974 1520 994 1547 C
1014 1514 1084 1540 unde
1103 1515 1158 1540 sere
1173 1514 1324 1540 aliiomnes
1339 1513 1557 1547 desumpserunt..
1577 1523 1585 1538 ι
1609 1513 1684 1543 lianc
1705 1512 1800 1544 lidem,'

173 1545 321 1574 Suetonius
337 1557 361 1575 c.
380 1549 412 1575 13
427 1559 431 1576 ;
451 1559 458 1573 ι
479 1549 537 1574 Pari
552 1552 706 1583 arrogantia
722 1558 782 1575 cnm
800 1554 959 1584 procurato-

172 1589 233 1607 rum
251 1590 362 1609 suoruni
378 1584 487 1610 nomine
515 1584 654 1610 formalem
669 1585 784 1611 dictaret
802 1585 955 1618 epistolam,

173 1617 213 1642 sie
232 1619 319 1655 coepitl
335 1628 341 1645 ;
356 1618 485 1644 Dominus
502 1624 525 1646 et
547 1619 615 1645 Dens
634 1625 722 1646 noster
741 1621 778 1645 sic
800 1619 955 1653 lierijubel.

173 1650 250 1678 Unde
274 1653 428 1679 institutum
445 1655 567 1688 posthae.
583 1660 611 1680 ut
630 1662 663 1680 ne
684 1656 787 1688 scripto
801 1655 910 1688 quidem
923 1662 955 1681 ae

172 1695 298 1714 sermone
326 1689 487 1722 cujusquam
519 1690 701 1724 appellaretur
723 1691 810 1716 aliter.
843 1690 954 1716 Statuas

172 1722 226 1750 sibi
244 1723 270 1749 in
288 1723 424 1757 Capitolio
441 1732 495 1750 non
515 1725 567 1751 nisi
584 1732 680 1752 aureas
698 1729 724 1751 et
740 1729 881 1759 argenteas
894 1725 955 1759 poni

1014 1549 1111 1583 inquit,
1131 1549 1298 1575 annuntians
1312 1548 1431 1574 Joannes
1453 1549 1560 1575 Domini
1575 1548 1738 1581 disciputus,
1752 1555 1797 1573 vo-

1013 1584 1072 1610 lens
1085 1592 1131 1617 per
1159 1584 1295 1617 Evangelii
1321 1584 1557 1610 annuntiationem
1583 1584 1690 1609 auferre
1720 1590 1794 1614 eum,

1011 1620 1056 1653 qui
1087 1627 1101 1645 a
1139 1618 1269 1645 Cerintho
1306 1618 1486 1645 inseminatus
1522 1622 1580 1645 erat
1618 1618 1794 1648 hominibus,

1011 1662 1144 1685 errorem,
1164 1658 1189 1680 et
1205 1654 1289 1680 multo
1308 1654 1383 1688 prius
1399 1654 1432 1680 ab
1447 1654 1501 1685 his,
1514 1654 1560 1688 qui
1572 1654 1699 1680 dicuutur
1714 1652 1798 1679 Nico-

1011 1688 1091 1721 laitae,
1115 1696 1123 1713 ι
1145 1693 1200 1716 etc.

877 1857 991 1886 CAPUT
1020 1856 1090 1885 xlv.

244 1924 365 1959 Dionysii
382 1927 415 1952 ml
427 1926 556 1953 loannem
574 1929 721 1961 apostolum
740 1929 765 1955 in
788 1929 884 1956 Patmo
917 1929 1033 1956 exsulem
1049 1929 1162 1960 litterae;
1180 1933 1203 1954 et
1219 1928 1345 1954 nonnulla
1356 1926 1385 1954 de
1398 1927 1496 1954 sanctis
1513 1925 1722 1953 revelationibus.

206 1986 367 2017 mosmos,
386 1994 479 2012 mxxxi
501 1986 636 2020 apostolo.
1744 2017 1749 2023 ,

210 2021 303 2046 Saluto
321 2026 443 2047 sani-tam
461 2022 578 2047 animam
591 2027 674 2055 tuam,
694 2031 709 2049 o
727 2023 834 2056 dilecte,
850 2027 904 2051 etc.
923 2022 985 2049 Vide
998 2023 1065 2049 inter
1081 2022 1205 2055 epistolas
1221 2021 1250 2047 S.
1264 2019 1385 2054 Dionysii
1405 2028 1470 2054 quas
1484 2024 1553 2045 tomo
1565 2017 1653 2052 IOpp.
1668 2017 1696 2044 S.
1715 2017 1793 2044 D1on.

174 2056 333 2084 rectulnnus,
351 2057 396 2081 snb
423 2064 493 2082 unm.
512 2056 546 2082 X.

209 2090 288 2125 477
307 2091 479 2123 Qum-unque
495 2091 520 2117 in
539 2092 581 2119 bis
597 2093 695 2118 litteris
708 2093 843 2127 przrdixit,
860 2092 934 2119 brevi
950 2097 1053 2127 postea,
1067 2093 1104 2118 nti
1123 2091 1258 2125 paedixit,
1271 2098 1394 2117 evenere.
1408 2089 1526 2116 Joannes
1545 2089 1628 2120 enim,
1650 2087 1794 2128 ¹discipulus

173 2126 218 2151 ille
230 2134 303 2159 quem
320 2125 442 2158 ‹titiyebac
456 2125 568 2158 Jesnsh,
587 2127 740 2153 Domitiano
757 2132 867 2161 propter
889 2129 1000 2154 nimiam
1029 2127 1183 2161 snperbiam!
1202 2130 1228 2152 et
1242 2125 1438 2151 immanitatem
1463 2124 1579 2161 imperio
1592 2127 1617 2163 et
1633 2128 1685 2149 vita
1705 2124 1793 2158 pulso,

174 2161 296 2194 actisque
311 2161 370 2193 ejus
384 2169 397 2185 a
414 2165 508 2186 senatu
524 2163 659 2192 rescissis,
675 2164 699 2188 in
715 2162 818 2193 Asiam,
836 2163 994 2189 dominante
1013 2162 1111 2193 Nerva,
1126 2163 1218 2187 salvus
1230 2161 1428 2193 incolumisque
1453 2159 1541 2185 rcrhit.
1560 2158 1608 2184 tib·
1630 2163 1656 2198 et
1672 2158 1795 2190 Evange-

174 2196 240 2221 linm
260 2204 350 2224 stiunt.
369 2196 440 2229 qnod
457 2196 488 2221 ad
504 2196 605 2223 Christi
624 2198 802 2223 imitationem
827 2198 939 2227 inducit,
964 2204 1160 2232 proptereaque
1178 2196 1240 2222 boni
1257 2196 1302 2221 Dei
1324 2195 1438 2220 imitatio
1451 2198 1491 2221 est
1505 2202 1518 2219 a
1537 2193 1664 2227 Dionysio
1678 2193 1796 2227 appella-

173 2235 243 2259 tum,
267 2232 322 2264 jani
348 2231 458 2256 circiter
477 2233 679 2266 nonagenarius
698 2232 830 2258 exaravit.
850 2233 916 2263 Quis
933 2233 976 2258 hie
993 2240 1074 2266 porro
1091 2231 1137 2257 Dei
1164 2231 1250 2257 nostri
1277 2230 1471 2264 benignitatem
1494 2229 1536 2263 (ad
1550 2237 1610 2253 enni
1626 2228 1794 2267 enim-bona

173 2266 264 2291 omnia
282 2270 411 2299 tanquam
429 2265 460 2290 ad
478 2266 578 2293 sontem
596 2267 757 2293 remittemla
774 2271 858 2299 sunt),
874 2268 934 2300 quis
952 2268 1005 2297 bic,
1020 2268 1141 2301 inquam,
1155 2267 1214 2299 ejus
1228 2266 1253 2291 in
1268 2274 1361 2292 servos
1377 2272 1441 2291 suos
1458 2264 1650 2301 benignitatem
1666 2267 1731 2287 satis
1748 2262 1795 2288 de-

174 2300 267 2326 mirari
285 2301 391 2334 possit?
409 2300 513 2334 Quippe
529 2302 573 2335 qui
592 2302 645 2328 illis
661 2310 767 2336 semper
783 2307 808 2328 et
826 2302 925 2335 ubique
944 2309 1042 2336 pr:esto
1055 2306 1107 2332 est,
1125 2310 1186 2327 cnm
1204 2301 1257 2327 illis
1273 2300 1443 2326 launum-iter
1460 2299 1587 2332 loquitur,
1614 2298 1667 2323 illis
1689 2301 1795 2323 secreta

173 2336 350 2361 consiliorum
377 2337 463 2370 aperit
478 2345 484 2367 ;
503 2336 566 2366 illis,
580 2337 602 2363 si
617 2345 669 2370 qna
687 2337 865 2370 interrogant,
893 2338 914 2363 si
929 2338 1087 2367 consulunt,
1105 2337 1126 2363 si
1145 2336 1178 2362 de
1199 2336 1298 2362 suturis
1325 2335 1510 2362 sciscitantur.
1528 2336 1659 2367 prompte,
1676 2337 1701 2357 et
1717 2332 1794 2371 plura

174 2370 310 2396 interdum
327 2379 408 2404 qnam
423 2371 608 2402 sciscitentur,
635 2372 780 2405 respondet
794 2382 799 2398 ;
818 2373 882 2406 qnin
898 2376 924 2397 ct
939 2378 998 2398 vota
1015 2380 1164 2406 precesque
1177 2379 1228 2397 non
1245 2378 1306 2396 raro
1322 2370 1477 2400 antevertit,
1490 2372 1516 2395 et
1532 2368 1637 2394 occulta
1651 2371 1794 2401 mysterio-

174 2412 244 2433 rum.
261 2414 320 2439 quw,
339 2406 582 2433 verecuinlioribus
596 2407 713 2433 scrutari
729 2411 802 2433 essct
823 2408 927 2441 religio,
950 2408 1033 2433 veluti
1050 2408 1150 2433 amoris
1170 2413 1312 2432 excessum
1325 2404 1419 2431 testari
1434 2405 1538 2442 rolens,
1557 2402 1657 2428 revelat
1673 2410 1702 2441 ac
1721 2400 1795 2427 dete-

172 2440 220 2472 git.
235 2440 300 2466 Nam
317 2445 342 2466 et
359 2441 408 2474 ipsi
430 2442 558 2475 Dionysio
573 2446 674 2475 quanta
688 2450 741 2467 non
759 2443 845 2468 solum
863 2443 895 2467 de
913 2443 1081 2471 hominibns‚
1100 2442 1145 2467 sed
1162 2444 1243 2467 ctiam
1259 2441 1290 2467 de
1305 2440 1418 2473 angelis,
1435 2438 1576 2478 st=tletiziiii
1595 2437 1627 2462 dc
1646 2444 1737 2470 seipso
1754 2444 1796 2462 νε·-

173 2475 288 2500 wlavit!
304 2475 374 2501 Nubit
391 2477 462 2501 enim
478 2477 532 2503 sere
547 2478 607 2510 ejus
619 2477 720 2510 scripta
737 2478 838 2507 munia,
859 2478 909 2503 nisi
925 2478 1049 2510 spiritum
1072 2477 1147 2502 illum
1168 2476 1259 2502 divina
1271 2478 1297 2501 et
1313 2473 1472 2501 abscondita
1489 2475 1667 2506 inspirantem
1677 2476 1706 2511 et
1721 2478 1796 2496 reve-

173 2508 273 2535 ?antvm
292 2511 406 2543 spirant.
422 2511 510 2544 Atque
527 2512 595 2537 adeo
620 2513 646 2538 in
665 2512 715 2537 boc
732 2511 860 2538 liet-tosim
876 2512 1036 2537 calamitoso
1063 2517 1147 2542 statu,
1176 2520 1228 2538 non
1246 2510 1327 2536 modo
1341 2508 1531 2547 Joanncnrffle
1544 2515 1597 2541 quo
1613 2514 1699 2540 magis
1714 2513 1794 2545 qnam

174 2544 206 2567 doz
219 2554 246 2569 se
257 2550 314 2569 erat
332 2546 476 2580 sollicitus)
488 2547 521 2573 ab
534 2547 629 2573 exsilio
646 2548 839 2577 revocmuluni,
855 2547 900 2573 sed
915 2548 996 2573 etiarn
1016 2547 1103 2580 ipsum
1126 2545 1269 2572 Donntiani
1290 2544 1427 2570 furoribus
1442 2543 1625 2581 eximendum,
1639 2545 1664 2567 et
1679 2549 1707 2580 se
1721 2548 1795 2574 ejus-

174 2577 234 2604 dem
254 2579 343 2605 dilecti
361 2583 474 2613 apostoli
489 2586 638 2615 coiispectn
656 2582 814 2611 l'rniturnm.
832 2582 924 2608 divino
939 2586 1101 2615 suggerente
1116 2581 1219 2615 Spiritu
1236 2579 1428 2613 prazcognovit.
1458 2577 1540 2603 Erant
1557 2576 1664 2616 quidem
1683 2576 1727 2601 nto
1744 2582 1795 2600 ste-

174 2621 206 2637 rn
221 2622 236 2636 o
253 2613 297 2639 liei
324 2616 503 2642 rei-elationes
523 2625 575 2642 non
592 2617 672 2642 modo
689 2617 816 2644 licelesiaz
842 2617 1014 2650 praesidibus,
1040 2617 1086 2642 sed
1109 2617 1221 2650 privatis
1235 2622 1342 2649 quoqne
1358 2622 1411 2640 non
1427 2613 1520 2646 paucis
1534 2611 1687 2651 (qnttvulgo
1704 2615 1795 2648 tamen

175 2652 274 2673 virtute
301 2650 494 2681 pra-vellerent)
528 2651 694 2681 sainiliarcs',
716 2660 807 2677 verum
831 2657 946 2685 utroque
966 2660 997 2677 ex
1011 2660 1109 2685 genere
1125 2651 1195 2677 hand
1211 2658 1275 2677 sane
1291 2648 1395 2678 multis,
1411 2656 1480 2681 qnos
1497 2655 1558 2673 enni
1575 2646 1795 2684 Dionysnrausts

175 2690 351 2715 coniponere.
369 2684 434 2709 Nam
453 2690 479 2710 nt
492 2685 637 2717 joannem,
664 2691 793 2720 umquam
822 2688 1019 2721 praecellentem
1050 2687 1201 2720 apostolum
1214 2693 1229 2711 c
1245 2692 1357 2711 numero
1381 2684 1543 2713 eximamus,
1560 2689 1661 2715 ecquos
1683 2680 1747 2706 nnln
1763 2686 1795 2704 ex

177 2717 220 2743 illa
233 2721 323 2748 aetate,
340 2723 436 2751 pra-ter
453 2720 542 2746 'l‘nnm
558 2722 636 2751 l'orte,
654 2726 680 2747 et
697 2722 880 2750 Timotheum,
899 2726 924 2747 et
945 2721 1132 2752 llierothenm,
1154 2724 1179 2746 et
1196 2719 1313 2752 Carpum
1341 2718 1416 2744 Pauli
1438 2717 1599 2751 discipulos,
1623 2719 1668 2741 aut
1698 2718 1795 2748 pra-ter

176 2751 320 2786 ignatium,
340 2753 529 2787 Pmycaipnm,
546 2760 572 2782 ct
585 2756 705 2790 Papiam,
739 2757 809 2783 t’etri
839 2756 1006 2790 Joanntsqnc
1029 2757 1178 2788 auditores,
1205 2754 1329 2787 aliusque
1351 2752 1535 2787 apostolorum
1552 2754 1699 2778 scctatores
1712 2755 1794 2783 quam

212 2842 463 2871 ἡ.1υ;ιιι.λιιι,“2.“ι,
