1860 2961
169 115 221 144 7⁴5
749 114 776 141 S.
798 113 945 140 Dioxtsii
966 113 1196 140 Aiitzot‘AutTAE
1746 115 1793 140 Mi

168 174 368 207 (1111111151111111Ἰ
385 171 488 201 clei-ici,
507 170 672 205 posteriores
692 169 754 196 laici
773 169 954 203 appellantur)
970 169 1180 203 primoquidem
1206 170 1237 195 ad
1262 170 1365 203 priores
1388 178 1541 204 aggressus,
1562 172 1667 198 curavit
1698 175 1725 197 ut
1750 174 1795 205 qui

166 209 245 234 veliti
261 207 417 235 sacerdotes
430 207 469 231 rel
484 206 509 231 iii
523 206 652 231 diaconos
664 205 880 237 csseiitcoaptati
891 204 956 237 (62).
971 212 1050 237 qnam
1063 205 1157 230 borum
1170 207 1357 239 unnsquisque
1373 213 1515 239 personam
1530 212 1643 239 gereret,
1654 207 1797 240 quodeun-

167 251 220 276 que
232 251 339 269 sacrum
358 249 457 266 1111111115
473 241 570 270 obiret.
591 241 616 266 id
633 245 759 274 tanquam
782 239 835 265 l)eo
854 243 987 272 pi·;eseiite
1005 243 1029 265 et
1044 239 1224 273 inspectante,
1242 241 1294 266 imo
1316 245 1341 267 ct
1361 242 1474 272 cultum,
1493 242 1537 275 qui
1557 243 1606 268 sihi
1625 242 1795 273 exhiheatur,

167 279 336 310 admittente,
357 276 430 301 omni
448 284 509 301 cuni
527 276 675 309 diligentia,
690 283 766 304 cura.
785 274 979 303 sollicitudine,
997 282 1093 307 purum
1108 279 1267 308 castumque
1282 279 1430 309 pra-staret.
1446 275 1472 302 lu
1488 285 1534 302 eos
1552 278 1622 302 enim
1641 277 1723 303 totius
1742 277 1796 310 ple·

170 314 212 339 bis
227 313 305 345 dirigi
327 311 431 340 oculos,
448 319 497 336 nee
516 311 550 336 ab
566 318 663 343 eorum
687 310 818 335 duntaxat
835 309 923 335 verbis
944 312 989 334 aut
1011 310 1155 339 mandatis,
1174 311 1221 336 sed
1245 311 1325 336 etiam
1349 311 1390 344 (ac
1416 312 1499 337 multo
1518 312 1631 338 fortasse
1651 312 1746 345 magis)
1764 312 1797 338 ah

169 356 263 373 eorum
280 347 333 372 vita
351 350 377 371 et
398 346 528 377 moribus,
556 354 611 372 51111),
633 344 811 371 iustitutionis
829 345 988 370 condiscere
1016 344 1200 378 disciplinam.
1226 345 1264 370 Ac
1282 347 1393 379 proinde
1418 346 1559 379 diligenter
1587 347 1747 375 cavendum,
1765 355 1797 372 ne

166 384 230 416 quid
249 383 274 407 in
287 382 391 407 credito
409 381 459 406 sibi
473 389 584 407 munere
600 388 646 407 seii
659 379 761 413 grande
779 388 824 405 seu
841 387 952 412 parvum
968 380 1179 409 committerent,
1198 380 1270 413 quod
1291 381 1501 407 observantibus
1523 381 1640 407 subditis
1655 382 1796 408 offensioni

167 426 227 443 esse
245 421 344 450 posset.
362 416 466 448 Quibus
484 419 554 442 reete.
568 421 593 442 et
611 415 706 441 ordine
719 415 886 443 constitutis,
904 414 936 439 ad
953 415 1111 440 alterutrum
1127 415 1254 441 Ecclesize
1273 416 1432 445 membrum,
1450 416 1506 442 sive
1530 416 1562 442 ad
1585 416 1668 443 laicos
1684 425 1797 442 couver-

169 461 226 482 sus,
254 453 352 477 bouum
379 453 478 476 factum
502 451 635 484 judicavit
659 459 705 476 eos
722 450 817 475 intres
833 449 934 482 gradus
955 448 1121 483 distinguere
1138 450 1203 483 (63),
1223 458 1338 484 quorum
1369 455 1521 484 postremus
1540 452 1574 478 sit
1595 459 1698 482 eot'titli,
1717 452 1761 485 qui
1783 460 1796 477 a

167 495 308 514 sacrorum
329 486 521 520 iiiystei·ioi·niii
538 486 706 519 inspectione
720 489 746 511 et
763 485 939 518 usurpatione
954 490 1098 516 arceiitur;
1115 486 1230 516 medius,
1246 493 1339 512 eorum
1359 487 1404 520 qui
1429 487 1460 512 ad
1483 487 1539 513 11110
1566 486 1756 517 admittuntur,
1770 491 1796 512 et

167 527 277 549 sauctus
292 523 407 555 populus
426 521 611 555 appellantur;
630 521 731 554 primus
747 524 836 545 autem
851 523 877 544 et
890 519 1051 552 przecipuus,
1071 521 1264 546 monachorum
1281 529 1326 547 seu
1351 522 1484 547 cultorum
1500 532 1505 548 :
1523 522 1547 547 hi
1570 521 1641 547 enim
1668 522 1795 554 majorem

166 557 310 591 quamdam
327 561 353 582 et
370 557 555 583 sublimiorem
572 564 651 589 quam
677 555 781 581 medius
797 554 897 588 gindus
912 555 1102 588 perfectionem
1122 555 1293 589 protiteutur,
1311 561 1505 590 proptereaque
1521 561 1600 583 etiam
1628 556 1708 583 certis
1738 556 1794 582 riti—

167 593 217 618 bus
231 601 283 618 uon
300 592 408 625 quidem
426 592 458 616 ab
472 592 618 624 episcopis,
637 590 682 616 sed
697 598 710 615 a
727 590 914 616 sacerdotibus
940 595 1146 617 consecrantur.
1164 590 1243 625 441
1259 590 1334 622 Quod
1354 595 1442 617 autem
1459 592 1491 619 ad
1509 598 1674 626 postremum
1693 599 1739 617 seu
1757 592 1797 616 in-

167 628 258 653 1111111111
277 627 368 661 populi
387 626 534 652 Christiani
552 626 662 659 gradum
682 625 789 653 attinet.
808 632 868 651 eum
889 625 914 649 in
937 628 992 651 tres
1019 629 1109 658 partes
1126 626 1167 651 vir
1185 629 1297 652 sanctus
1315 626 1460 660 dispertiit,
1479 627 1606 653 nimirum
1626 627 1651 652 iii
1670 627 1797 652 catechu-

166 671 270 692 menos,
286 663 311 688 in
330 669 540 695 energumenos,
558 666 584 686 et
603 661 628 686 in
647 660 821 693 prenitentes.
840 660 1031 686 catechumeni
1052 665 1182 686 vocantur
1197 661 1212 686 ii
1230 661 1276 695 (1111
1301 662 1394 694 primis
1411 662 1472 688 side'i
1493 662 1652 688 rudimentis
1671 662 1798 688 imbuun-

171 702 226 726 tur.
247 703 327 731 atque.
344 697 376 722 ad
393 700 514 721 sanctam
534 705 580 729 pei·
599 696 734 721 lavacrum
748 696 867 721 salutare
893 696 1125 728 regenerationem
1154 701 1350 730 pra-parantur.
1380 696 1558 731 linergumeni
1585 700 1685 727 autem,
1710 697 1755 731 qui
1782 704 1796 722 a

172 733 250 759 malis
264 732 406 766 spiritibus
421 731 567 764 agitantur.
588 738 650 756 vera
668 731 766 764 alioqui
785 738 830 764 per
845 734 1001 763 susceptum
1018 735 1094 757 autea
1114 731 1246 764 baptisma
1265 731 1389 758 Ecclesiae
1408 733 1536 759 membra.
1564 731 1728 759 Poenitentes
1752 732 1798 758 de-

170 768 261 800 nique.
277 767 321 801 qui
339 766 456 800 publicis
474 767 655 800 gravibusque
673 766 792 799 peccatis
811 774 839 791 se
857 765 983 798 indignos
1006 766 1240 792 sanetissimorum
1267 767 1474 800 participatione
1497 768 1687 802 mysteriorum
1708 767 1798 794 reddi-

167 802 275 828 derunt.
296 802 349 828 llos
367 809 461 827 omnes
478 801 636 827 admittebat
653 801 760 834 quidem
779 808 894 834 magnus
918 801 1037 833 pontifex
1063 801 1088 826 111
1109 809 1214 827 sacram
1240 802 1335 831 aedem,
1354 802 1416 827 dum
1446 802 1539 828 tierent
1560 806 1719 832 conventus,
1737 810 1798 836 per-

167 838 290 863 mittebat
303 845 443 863 sacrarum
462 835 623 862 Litterarum
643 836 750 862 lectioni
772 840 798 861 ct
815 836 978 869 expositioni
998 836 1129 862 interesse
1144 836 1197 869 (bis
1214 837 1285 862 enim
1303 836 1497 863 erudiebantur
1509 842 1588 871 atque
1607 837 1797 871 sanabantur),

166 874 212 898 sed
229 881 300 902 1-11111,
318 872 371 898 illis
398 872 540 901 absolutis,
560 872 591 897 ad
611 872 683 905 ipsas
701 875 873 897 sacrosancta
886 871 1045 897 venerandae
1067 871 1238 898 eucharistiae
1262 872 1390 906 mysteria
1407 873 1568 899 celebranda
1592 880 1620 899 sc
1635 872 1797 907 accingeret‚

166 911 222 933 tum
239 916 301 933 vero
317 908 348 932 ad
365 908 493 938 maiorem
512 911 648 932 tantorum
670 912 859 941 mysteriorum
879 906 1007 932 honorem
1021 907 1090 940 (quae
1105 911 1233 940 quantam
1256 908 1400 933 maximam
1417 908 1528 941 exigunt
1545 908 1730 934 assistentium
1750 915 1799 941 pu-

166 943 272 969 ritatem
289 951 318 968 ac
335 942 553 967 sanctimoniam,
573 942 681 974 jubebat
698 950 755 970 eos,
777 945 804 966 iit
821 942 910 967 miuus
930 942 1044 968 mundos
1070 942 1192 968 minusve
1216 950 1340 975 capaces,
1365 942 1507 969 absistere.
1531 942 1606 974 Quod
1631 942 1668 968 illi
1687 943 1794 976 quidem

167 986 215 1003 nee
235 978 310 1003 iuviti
330 977 439 1011 (quippe
466 977 501 1002 ita
523 977 611 1003 edocti
628 976 715 1010 eram)
734 985 781 1002 nec
800 985 912 1009 piorsus
937 976 1071 1002 illibenter
1089 978 1232 1003 faciebant.
1251 977 1393 1011 Dionysius
1410 978 1491 1007 enim,
1510 979 1547 1003 uti
1570 978 1677 1011 sapiens
1703 982 1729 1004 et.
1745 978 1798 1003 alta

167 1013 282 1046 quadam
300 1017 386 1038 mente
403 1012 529 1046 praeditus
541 1016 609 1040 erat.
625 1012 650 1037 in
668 1013 718 1038 hoc
737 1013 858 1045 impense
875 1012 1055 1042 laboraverat,
1073 1016 1101 1037 ut
1118 1020 1242 1046 magnam
1262 1013 1330 1038 inter
1345 1013 1454 1039 ordines
1470 1017 1550 1047 atque
1567 1013 1666 1047 gradus
1684 1020 1798 1039 concor-

165 1049 236 1073 diam
255 1048 462 1081 1111111101111111111(ἱ
477 1048 686 1073 consensionem
704 1048 847 1073 stabiliret.
866 1047 975 1080 Absque
999 1047 1048 1073 hac
1073 1047 1144 1072 cuim
1167 1048 1268 1073 nullam
1292 1047 1496 1081 rempublicam,
1514 1049 1617 1074 nullum
1640 1048 1797 1077 concilium,

166 1083 266 1108 nullam
284 1083 451 1116 religionem,
468 1082 571 1108 nullum
588 1086 751 1108 conventum
768 1086 840 1108 stare
857 1090 951 1116 posse;
975 1090 1030 1108 rem
1044 1082 1228 1108 Christianam
1243 1082 1357 1109 Athenis
1373 1083 1505 1109 hactenus
1521 1083 1666 1109 concordia
1682 1083 1798 1116 coepisse

165 1122 189 1143 et
205 1118 333 1147 movisse,
348 1116 442 1143 eadem
459 1118 604 1143 concordia
621 1118 749 1151 deinceps
767 1117 871 1143 lii-mam
887 1126 917 1143 ac
935 1117 1057 1143 stabilem
1078 1118 1142 1144 fore.
1170 1116 1224 1143 Nec
1246 1125 1309 1143 vero
1335 1118 1395 1151 plus
1418 1126 1478 1144 esse
1506 1126 1605 1149 causze,
1621 1118 1797 1152 quamobrem

166 1153 309 1179 inferiores
326 1153 351 1178 iii
369 1152 489 1178 Ecclesia
506 1153 606 1186 gradus
622 1153 766 1178 altioribus
784 1156 829 1178 aut
849 1152 987 1178 invideant
1001 1153 1220 1183 autobtrectent,
1236 1160 1316 1186 qnam
1334 1154 1361 1178 iii
1380 1161 1494 1187 corpore
1508 1154 1548 1179 vel
1565 1154 1646 1187 pedes
1661 1153 1797 1183 manibus,

164 1188 205 1213 vel
226 1188 325 1213 femora
344 1187 474 1216 humeris,
492 1189 531 1213 rel
548 1193 622 1213 artus
638 1189 814 1221 membraque,
834 1188 923 1213 omnia
948 1187 1040 1221 eapiti.
1067 1188 1133 1213 Nam
1162 1188 1230 1213 haue
1256 1189 1444 1214 universorum
1462 1189 1575 1214 saltitem
1601 1196 1671 1217 esse.
1688 1192 1711 1213 et
1728 1188 1799 1221 opti-

165 1230 236 1248 mam
253 1222 487 1257 compositionem,
510 1231 569 1249 cum
587 1223 799 1257 unumquodque
822 1223 983 1254 membrum,
1002 1230 1049 1248 sua
1065 1227 1222 1248 contentum
1245 1227 1328 1253 sorte,
1342 1223 1459 1257 propriis
1478 1223 1585 1249 insistat
1609 1223 1714 1255 otliciis,
1728 1227 1754 1249 et
1775 1223 1798 1248 si

164 1265 217 1291 qua
233 1260 328 1291 possit.
345 1258 493 1291 opituletur
503 1258 594 1288 etiam,
612 1265 664 1284 non
679 1266 743 1284 vero
758 1258 896 1291 obstrepat
908 1258 1014 1284 alienis.
1033 1257 1059 1283 ln
1080 1265 1194 1291 corpore
1209 1258 1328 1283 humano
1344 1259 1449 1292 singula
1465 1258 1578 1292 singtilis
1596 1258 1724 1285 membris
1740 1266 1799 1284 mu-

165 1294 209 1318 nia
223 1293 257 1318 ab
274 1294 393 1327 ipsorum
410 1296 520 1319 auctore
540 1294 669 1319 attributa
697 1301 758 1319 esse
775 1303 780 1319 ι
799 1297 976 1326 mutuamque
1001 1293 1071 1319 inter
1088 1293 1144 1327 ipsa
1164 1301 1195 1319 ex
1217 1297 1320 1319 1111111111ι
1339 1294 1468 1320 instinctu
1485 1301 1590 1327 semper
1614 1294 1712 1319 durare
1734 1301 1799 1319 con-

165 1329 285 1353 cordiam
302 1338 307 1354 ;
326 1329 352 1354 111
373 1336 487 1361 corpore
505 1328 566 1354 item
585 1328 711 1354 Ecclesia:
728 1329 760 1354 ab
775 1328 910 1361 episcopis
926 1328 1047 1362 quidem,
1066 1328 1113 1354 sed
1129 1328 1259 1354 divinitus
1275 1328 1396 1359 directis,
1421 1336 1469 1355 sua
1494 1329 1641 1363 uuicuique
1662 1328 1749 1354 ordini
1773 1331 1799 1354 ct

165 1363 261 1396 gradui
277 1363 524 1394 officia-distribui;
543 1363 568 1389 in
585 1364 684 1398 quibus
703 1364 723 1389 si
741 1364 862 1389 volentes
888 1363 1058 1397 libentesque
1079 1363 1256 1397 perstiterint.
1274 1371 1325 1389 non
1343 1364 1423 1390 niodo
1448 1372 1519 1390 uniic
1544 1364 1623 1390 saluti
1640 1367 1666 1390 et
1687 1370 1798 1397 prospe-

165 1398 237 1424 ritati
256 1398 321 1432 ipsis
339 1399 405 1428 fore.
425 1398 471 1425 sed
490 1399 571 1424 etiam
598 1403 691 1433 postea
709 1402 839 1433 perpetuo
857 1398 952 1424 honori
979 1406 1010 1424 ae
1039 1399 1211 1432 seuip'itoriue
1229 1399 1330 1432 glori-c.
1359 1398 1549 1433 nujuscemodi
1567 1407 1631 1433 ergo
1648 1397 1799 1424 rationibus

166 1433 268 1459 inducti
287 1434 374 1459 locum
393 1434 521 1460 tenebant
535 1435 723 1468 unusquisque
740 1434 766 1460 in
784 1434 870 1459 saeris
888 1433 1077 1464 conventibus,
1094 1442 1173 1468 quem
1190 1434 1311 1468 pontifex
1327 1435 1502 1468 assignasset.
1524 1434 1582 1460 Non
1598 1438 1676 1460 erant.
1691 1432 1798 1467 quidem

165 1472 221 1493 tum
234 1468 398 1495 Christianis
412 1473 526 1503 augusta
539 1471 649 1502 tempta,
666 1470 712 1496 sed
732 1469 757 1495 iu
773 1469 805 1495 iis
822 1475 909 1494 tamen
927 1477 986 1503 quae
1000 1473 1088 1499 erant,
1107 1477 1185 1495 suuni
1199 1469 1315 1503 quisque
1342 1470 1428 1496 locum
1447 1473 1534 1496 norat.
1550 1470 1635 1504 Adyta
1650 1468 1758 1495 tenebat
1773 1470 1799 1492 et.

166 1503 368 1536 ingrediebatur
383 1504 457 1530 solus
475 1504 607 1537 pontifex,
627 1505 705 1538 eique
720 1505 846 1530 subditus
861 1504 927 1530 ordo
941 1511 1037 1530 sacer:
1055 1505 1194 1538 proximas
1219 1505 1402 1538 penetralibus
1430 1505 1507 1531 sedes
1533 1504 1657 1530 monachi
1683 1510 1799 1536 occupa-

165 1538 229 1564 bant
244 1548 249 1564 :
268 1547 320 1564 nou
338 1540 433 1573 quales
449 1547 521 1565 nunc
537 1545 600 1565 suut
616 1540 750 1569 monaehi,
767 1548 780 1564 a
798 1539 896 1573 populo
918 1539 1027 1569 secreti,
1047 1543 1073 1565 et
1088 1543 1189 1573 patrem
1205 1543 1251 1565 aut
1267 1544 1400 1566 rectorem
1418 1540 1548 1565 habentes
1563 1540 1679 1573 aliquem
1696 1538 1799 1565 ordinis

165 1574 218 1602 sui.
237 1574 283 1599 sed
300 1575 345 1608 qui
367 1582 429 1608 pars
446 1574 535 1608 populi
552 1578 641 1603 erant.
659 1580 684 1601 et
700 1575 795 1608 patriis
812 1575 837 1600 in
853 1574 957 1600 :edibus
978 1575 1142 1603 habitantes.
1159 1582 1207 1608 pro
1224 1582 1363 1600 sacrorum
1377 1575 1507 1609 magistro
1526 1582 1557 1600 ac
1582 1574 1696 1608 praesule
1712 1573 1799 1599 solutu

164 1616 333 1642 episcopum,
351 1610 392 1635 vel
406 1610 524 1643 aliquem
543 1611 720 1635 ‹etin-stitutum
738 1610 771 1635 ab
784 1610 912 1643 episcopo
927 1610 1107 1642 sacerdoteiii‚
1122 1610 1315 1643 agnoscebant.
1329 1609 1484 1635 Secundum
1502 1610 1660 1639 monachos=
1678 1609 1799 1641 reliquus

165 1643 251 1670 tidelis
264 1644 378 1678 populus
394 1644 570 1673 consistebat,
585 1645 626 1670 cui
645 1645 676 1670 ad
694 1645 861 1679 inspicienda
875 1649 901 1670 et
915 1644 1027 1670 fruenda
1039 1645 1173 1671 diviniora
1199 1645 1326 1679 mysteria
1341 1646 1385 1679 jus
1406 1649 1473 1671 erat.
1490 1643 1574 1670 I'aulo
1587 1645 1619 1669 ab
1635 1645 1675 1669 his
1692 1642 1798 1676 longius

166 1679 358 1710 subsidebant,
375 1679 420 1713 qui
439 1680 571 1705 immundi
586 1680 780 1710 censebantur,
797 1684 842 1705 aut
859 1680 903 1712 qui
921 1681 1041 1705 omnium
1065 1684 1188 1713 expertes
1212 1684 1445 1706 sacramentorum
1462 1683 1540 1706 erant
1555 1688 1560 1710 ;
1578 1679 1664 1712 primo
1680 1678 1799 1711 quidem,

165 1714 211 1747 qui
228 1714 389 1742 defectionis
404 1723 418 1740 a
436 1715 498 1744 fide,
518 1715 558 1741 vel
575 1716 686 1741 alterius
701 1717 790 1749 gravis
813 1715 905 1741 delicti
929 1715 1036 1749 culpam
1065 1715 1203 1749 lugebant,
1219 1719 1245 1741 et
1263 1715 1446 1749 poenitentiam
1461 1722 1578 1740 nimrore
1594 1714 1702 1747 publico
1717 1712 1799 1747 profi-

166 1750 427 1776 tebantur2deun1e
453 1750 498 1784 qui
525 1757 539 1775 a
565 1750 733 1777 daemonibus
762 1750 895 1784 possessi,
922 1754 967 1775 aut.
990 1750 1107 1781 obsessi,
1134 1756 1180 1776 aut
1206 1750 1389 1776 mist-randum
1413 1750 1439 1776 in
1462 1750 1571 1775 niodum
1594 1749 1681 1775 vexati
1697 1751 1798 1775 erant:

166 1789 303 1817 postremo
320 1789 408 1810 autem
427 1786 495 1814 loco,
514 1785 558 1818 qui
576 1786 650 1811 1111110
665 1794 726 1811 cum
753 1791 923 1812 sacramento
939 1789 1030 1811 essent
1052 1785 1159 1811 initiati.
1177 1785 1242 1811 Nam
1261 1786 1310 1811 hos
1327 1789 1418 1819 utpote
1442 1785 1469 1810 111
1491 1784 1600 1810 Christo
1626 1784 1740 1809 necdum
1758 1790 1799 1808 re-

166 1821 282 1852 genitos,
299 1828 386 1854 neque
403 1821 488 1846 sacris
507 1822 566 1845 vitzc
588 1828 664 1847 norae
690 1821 773 1847 radiis·
790 1825 902 1846 eatenus
918 1821 1102 1851 collustratos,
1119 1828 1225 1854 acquum
1240 1825 1281 1847 est
1298 1821 1330 1847 iis
1346 1821 1451 1850 cedere,
1468 1820 1513 1854 qui
1530 1820 1591 1846 licet
1605 1817 1800 1845 tentationibus

166 1855 228 1880 victi
249 1861 360 1889 peccato
378 1856 583 1885 succubuerint,
607 1860 653 1881 aut
679 1856 765 1882 locum
783 1856 913 1881 1111111101115
940 1856 1086 1882 insultibus
1111 1856 1245 1887 dederint,
1263 1860 1352 1882 tamen
1368 1861 1393 1882 et
1409 1856 1495 1881 renati
1522 1860 1584 1881 suut
1600 1855 1626 1880 111
1641 1854 1759 1882 Christo.
1774 1856 1800 1878 ct

166 1890 237 1923 gregi
256 1890 372 1916 fidelium
392 1891 514 1924 ascripti,
532 1895 557 1916 et
573 1891 729 1917 corumdem
749 1899 809 1916 cuni
830 1890 884 1917 illis
906 1895 1140 1916 saeraiuenttn·iiui
1165 1891 1311 1925 participes
1332 1891 1429 1917 effecti.
1459 1890 1563 1922 Quibus
1580 1890 1615 1915 ita
1632 1887 1797 1924 constitutis,

167 1925 199 1950 ad
216 1934 356 1951 sacrorum
373 1926 474 1951 rituum
492 1934 522 1952 ae
537 1927 754 1952 czcriiuoniarum
771 1934 864 1951 curam
879 1925 946 1959 (Gt),
960 1925 1058 1959 quibus
1083 1934 1137 1951 non
1165 1934 1264 1959 parius
1288 1925 1467 1951 sacramentis
1487 1925 1573 1951 bonos
1598 1932 1627 1950 ac
1649 1925 1798 1950 revei'enUa

167 1961 338 1991 conciliatur,
355 1966 470 1987 mentem
487 1961 597 1995 adjecit.
615 1960 668 1988 llos
692 1961 775 1995 igitur
792 1962 860 1987 ritns
877 1961 983 1994 pietatis
1007 1967 1088 1994 atque
1114 1961 1266 1986 sanctitatis
1294 1961 1388 1994 plenos
1413 1968 1473 1986 cnm
1498 1960 1658 1987 induxisset,
1674 1963 1721 1996 eos
1737 1962 1798 1993 cuni

167 1995 224 2027 ipse
239 1996 344 2029 primns
360 1996 515 2022 observavit
528 1996 701 2022 exactissime
719 2000 774 2021 tum
791 1996 825 2021 ab
851 1996 912 2021 aliis
931 2004 1070 2022 sacrorum
1088 1996 1220 2022 ministris
1235 1997 1370 2029 praecipua
1395 1995 1534 2029 diligentia
1550 1995 1685 2019 observari
1706 1993 1797 2030 jussit.

167 2030 257 2060 Quare
276 2031 449 2057 Atheniensis
474 2031 593 2057 liet-lesia
620 2036 672 2057 tam
690 2035 784 2057 sancto
811 2036 918 2065 regente
943 2031 1079 2064 pontifice,
1097 2031 1260 2056 Christianis
1274 2032 1383 2064 quidem
1407 2031 1475 2056 mire
1498 2028 1618 2065 speciosa
1633 2030 1660 2066 ct
1674 2025 1799 2055 anlabllls

168 2065 326 2098 apparebat,
340 2074 370 2091 ae
387 2067 459 2092 velut
474 2067 557 2092 altera
574 2067 635 2092 novi
654 2066 807 2092 Salomonis
833 2066 893 2091 aula
905 2086 911 2094 ,
930 2066 1054 2092 hostibus
1070 2073 1134 2092 vero
1155 2066 1346 2091 insidiantibus
1374 2065 1488 2093 mnnita,
1506 2066 1532 2089 et
1546 2061 1675 2088 terribilis
1701 2064 1728 2086 ut
1753 2068 1799 2085 ea-

168 2104 287 2125 strorum
302 2101 374 2127 acies
386 2102 510 2127 ordinata
530 2109 535 2126 ι
553 2102 652 2135 qnippe
668 2101 711 2127 cui
728 2110 776 2127 nec
792 2101 858 2127 foris
875 2101 1048 2134 pulchritudo
1060 2101 1260 2127 desideraretur
1269 2100 1503 2128 caereuioiiiariim,
1520 2105 1569 2123 nec
1585 2097 1657 2122 intus
1671 2095 1799 2135 fortitudo

168 2134 274 2160 deesset
289 2136 438 2167 virtutum;
458 2144 518 2161 nam
535 2137 561 2162 in
576 2140 724 2170 utrumque
741 2137 781 2161 111
804 2137 882 2169 longe
898 2136 1123 2170 vigilantissimus
1146 2139 1173 2162 et
1198 2136 1402 2161 oculatissimus
1424 2133 1518 2160 sedulo
1537 2131 1748 2171 excubabatffiuti
1773 2134 1799 2169 ct

169 2170 308 2204 religionis
327 2172 447 2197 exterior
463 2171 569 2204 species
586 2172 652 2196 toris
665 2172 882 2204 respectantibus
898 2172 1023 2204 pietatem
1042 2171 1181 2200 excitaret,
1199 2175 1225 2196 et
1252 2170 1364 2197 interior
1379 2170 1481 2195 dcvotze
1503 2171 1601 2193 mentis
1622 2170 1799 2205 sanctimonia

169 2204 275 2231 divinas
288 2214 302 2232 e
315 2206 384 2231 1-11110
399 2207 501 2240 gratias
517 2206 669 2232 devocaret.
688 2207 753 2238 Quis
767 2210 856 2231 autom
872 2207 910 2231 vel
929 2214 1053 2231 sermone
1069 2206 1170 2239 eloqui,
1186 2206 1227 2231 vel
1243 2206 1322 2230 etiam
1339 2204 1481 2237 concipere
1494 2202 1584 2228 animo
1601 2205 1696 2236 passu,
1712 2201 1799 2234 qualis

169 2239 226 2272 ipse
243 2241 360 2273 pontifex
380 2241 525 2275 biouysius
542 2242 609 2274 165),
627 2241 691 2267 dum
708 2242 794 2266 sacris
809 2245 980 2274 operaretur,
994 2246 1145 2274 quantusve
1162 2241 1259 2271 fuerit,
1276 2247 1356 2273 quam
1373 2237 1539 2272 compositus
1560 2244 1682 2270 corpore,
1700 2239 1797 2275 mente.

169 2275 281 2308 spiritu,
297 2285 377 2309 quam
393 2277 502 2302 remotis
519 2285 532 2301 a
546 2280 617 2302 terra
634 2277 773 2306 sensibus,
792 2284 871 2309 quau
888 2281 995 2301 cunctis
1011 2276 1107 2301 animae
1122 2276 1224 2301 viribus
1240 2276 1309 2301 coelo
1322 2275 1429 2308 Deoque
1442 2272 1562 2301 intentis,
1580 2276 1605 2298 et
1619 2271 1651 2296 ad
1669 2270 1798 2309 capienda

170 2310 261 2335 ‹iix-tua
278 2311 407 2337 vibratis!
426 2312 498 2336 Satis
516 2320 581 2337 saue
597 2315 655 2336 erat
678 2310 854 2337 incendendis
879 2311 912 2336 ad
936 2311 1108 2336 devotionem
1132 2315 1212 2344 atque
1236 2310 1367 2336 fervorem
1392 2308 1511 2334 omnium
1535 2307 1672 2335 cordibus.
1689 2313 1742 2331 uua
1759 2313 1799 2331 sui

170 2346 293 2377 praesulis
307 2346 360 2371 Deo
377 2346 544 2372 immolantis
567 2346 762 2372 consideratio.
783 2345 876 2379 ltaque
900 2346 931 2371 ad
959 2354 1052 2371 saeros
1078 2351 1181 2376 cuitus,
1202 2345 1309 2379 quoties
1333 2344 1350 2370 ii
1376 2350 1493 2376 cunique
1510 2342 1684 2370 haberentur,
1702 2347 1799 2379 magtiia

171 2388 277 2413 semper
293 2385 350 2406 erat
367 2382 588 2407 concurrentium
604 2381 800 2415 promptitudo,
818 2388 913 2414 magua
930 2381 1056 2406 alacritas
1080 2381 1232 2406 animorum
1248 2389 1253 2406 :
1271 2378 1378 2413 quando
1394 2378 1497 2405 scilieet
1517 2384 1578 2403 eum
1594 2376 1676 2401 visuri
1697 2374 1800 2401 sacrifi-

171 2421 276 2440 caniem
292 2421 392 2445 esseut,
408 2416 489 2451 442
505 2416 612 2450 quando
630 2417 711 2441 verba
727 2416 759 2441 de
774 2416 872 2441 «lirinis
897 2416 1038 2441 facientem
1058 2415 1187 2446 audituri,
1200 2422 1273 2444 eum.
1288 2415 1408 2448 iuquam,
1423 2412 1502 2445 cujus
1526 2411 1566 2450 xjel
1593 2411 1666 2450 solus
1687 2417 1800 2443 conspe-

172 2455 241 2481 ctus,
259 2452 298 2475 vel
317 2453 432 2485 cogitata
449 2456 552 2477 tantum
572 2451 725 2484 prasentia,
742 2459 794 2476 uon
820 2451 970 2476 mediocres
988 2450 1084 2475 animis
1108 2450 1200 2476 indere
1224 2449 1332 2475 virtutis
1350 2448 1473 2474 stimulos
1496 2446 1617 2480 quibant.
1638 2446 1701 2484 lfljus
1719 2451 1800 2484 porro

173 2486 263 2513 rerba,
281 2494 342 2511 cum
361 2486 393 2511 ad
416 2487 523 2512 turbam
542 2494 618 2512 51111111
641 2486 859 2515 concionaretur,
877 2485 1011 2518 ejusmodi
1033 2489 1122 2516 eraut,
1141 2493 1200 2518 qua:
1217 2492 1270 2510 non
1287 2488 1413 2509 externos
1431 2490 1527 2508 sensus
1544 2481 1670 2507 dictionis
1682 2480 1800 2520 ¹mollitie

173 2520 324 2550 titillarent.
343 2522 381 2546 rol
401 2529 481 2547 aures
496 2521 634 2547 blanditiis
650 2525 792 2553 ungerent,
818 2521 863 2546 sed
882 2528 941 2554 quau
959 2524 1064 2545 mentes
1088 2524 1187 2546 acriter
1211 2520 1243 2545 ad
1267 2519 1393 2544 virtutem
1414 2517 1528 2547 cierent,
1544 2520 1570 2542 et
1588 2515 1689 2554 salubri
1706 2522 1800 2549 pecca-

174 2557 261 2579 torum
280 2556 476 2581 coiit'i-’u-at'ione
495 2557 526 2582 ad
547 2556 732 2589 poenitentiam
753 2561 915 2589 pungerent.
935 2554 1025 2588 ltaque
1049 2555 1099 2580 sub
1113 2555 1173 2588 ejus
1188 2554 1334 2580 conciones
1354 2553 1413 2586 plus
1431 2552 1610 2585 suspiriorum
1629 2550 1799 2591 audiebatiir,

174 2597 253 2620 quam
271 2590 379 2615 laudum
398 2595 424 2616 et
441 2592 677 2620 aeclainatiomiui,
694 2591 753 2624 plus
773 2598 898 2616 verarum
926 2590 1109 2624 lacrymarum
1135 2590 1307 2619 cernebatur,
1325 2594 1406 2622 quam
1432 2587 1552 2613 inanium
1572 2586 1718 2625 plausuum*
1732 2584 1798 2644 (6112.

175 2623 257 2648 tii-ani
274 2625 344 2649 enim
362 2626 420 2656 eius
438 2634 577 2652 sermones
596 2634 648 2651 non
665 2625 697 2651 de
710 2626 850 2658 jucundis,
874 2625 921 2651 sed
945 2625 978 2651 de.
996 2625 1118 2653 utilibus.
1138 2630 1217 2658 atque
1233 2629 1262 2650 iit
1278 2623 1421 2657 plurimum
1440 2622 1472 2647 de
1497 2622 1596 2648 linibus
1619 2621 1745 2650 11011111115,
1767 2626 1801 2658 te

175 2663 271 2687 morte,
290 2660 321 2685 de
340 2660 448 2691 iudicio,
466 2661 498 2685 de
525 2661 669 2687 horrendis
687 2665 746 2694 post
771 2661 821 2686 hoc
846 2660 949 2694 fugacis
973 2660 1021 2685 :cvi
1043 2660 1193 2693 suppliciis,
1212 2659 1297 2692 deque
1320 2657 1380 2683 aliis
1395 2657 1515 2689 ejusdem
1534 2657 1604 2683 modi
1625 2659 1798 2689 argumentis,

176 2696 204 2717 nt
223 2699 312 2726 posset
327 2702 386 2719 cum
404 2694 486 2719 l’aiilo
507 2701 671 2729 pra-,equore
688 2704 737 2721 suo
751 2695 841 2721 dicere
855 2705 861 2721 2
888 2695 935 2721 Vos
950 2695 1022 2720 scitis
1036 2694 1164 2726 quomodo
1180 2693 1245 2720 nihil
1261 2692 1435 2718 subtraxerim
1457 2692 1573 2723 utilium,
1589 2699 1638 2726 quo
1654 2691 1740 2726 minu-5
1752 2695 1799 2712 ων

177 2729 320 2754 mundarem
338 2729 416 2757 vobis„
433 2734 456 2754 et
471 2730 587 2755 (tacerem
603 2739 644 2755 ros
660 2731 769 2763 publice,
788 2735 810 2756 et
828 2738 872 2762 per
886 2730 988 2760 domos.
1006 2731 1150 2762 testificaris
1168 2728 1270 2754 Judari's
1293 2732 1369 2760 atque
1383 2727 1520 2761 gentilibus
1536 2727 1563 2752 in
1578 2726 1659 2752 Deum
1675 2727 1799 2762 poeinleii-

178 2762 252 2793 (iarn,
269 2769 291 2788 et
309 2764 384 2795 sideni
402 2764 427 2788 in
442 2764 580 2791 Dominum
594 2771 712 2791 nostrum
726 2765 816 2791 Jesum
832 2765 966 2792 Christum
986 2766 1008 2791 S.
1025 2764 1162 2797 Quidquid
1180 2764 1251 2791 enim
1271 2763 1333 2789 fecit.
1348 2761 1459 2792 Paulus,
1479 2763 1529 2789 boc
1545 2762 1601 2788 fere
1623 2765 1664 2787 est
1680 2760 1799 2787 imitatus

267 2846 277 2862 ἕ
298 2841 355 2866 Ari.
378 2849 419 2871 xx,
437 2844 482 2868 2⁴1.
