1860 2961
155 116 209 143 823

748 111 772 139 S.
790 110 938 139 DlONYSll
958 110 1191 139 AREOPAGtTAE

1720 110 1770 137 8⁶24

157 185 177 204 n
197 176 325 203 Histarioe
340 175 445 206 eccles„
468 181 529 208 cap.
558 173 604 202 20.
621 173 686 199 dum
707 173 819 203 scribit,
837 173 938 199 multos
953 175 975 202 Α
990 176 1046 199 tum
1068 173 1144 199 abest
1159 176 1187 198 ut
1202 170 1417 205 persecutionem
1439 170 1466 197 iu
1486 170 1656 198 Christianos
1680 170 1734 204 jam
1756 179 1771 197 a

156 220 243 238 annos
262 220 324 239 eum
344 211 428 237 fuisse
448 209 474 234 in
490 208 648 237 Occidente,
661 212 686 233 et
699 209 737 239 εἰς
758 208 825 242 βαθὺ
837 208 935 242 γῆρας,

155 247 190 273 ad
199 247 354 280 profundam
370 249 535 275 senectutem,
549 243 714 277 pervenisse.
730 243 867 269 Profunda
888 250 937 268 au-

155 286 210 309 tem
226 286 351 309 senectus
361 289 391 307 ea
403 284 526 309 vocatur,
537 278 568 304 ad
582 285 661 312 quam
671 285 684 303 a
696 278 869 312 paucissimis
879 285 939 311 per-

154 318 274 347 venitur,
289 324 348 351 qua}
363 319 389 341 ct
407 318 528 341 extrema
549 313 677 347 appellari
698 314 781 344 solet,
796 317 938 347 propterca

154 352 226 386 quod
238 352 284 386 qui
305 352 330 378 in
348 349 482 384 profundo
497 353 548 378 cst,
563 356 617 374 non
637 348 735 375 habeat
753 356 806 382 quo
823 348 939 375 ulterius

154 388 259 414 tendat.
277 386 388 412 Michaei
403 385 536 420 Syngclus
554 391 619 410 vcro
637 384 672 409 ita
690 384 716 409 in
737 388 858 410 extremo
875 383 939 409 Dio-

153 423 223 455 nysii
240 422 365 448 Eucamio
380 421 448 447 inter
457 421 508 446 alia
523 428 528 444 :
543 419 634 449 Οὕτως
645 420 658 444 ὁ
672 418 725 444 τῶν
738 418 816 445 θείων
827 418 939 451 ἀγώνων

152 457 350 492 ἐμπειρότατος
367 455 531 491 πρεσθύτης,
553 455 599 480 καὶ
615 453 681 488 βαθὺ
698 454 744 479 καὶ
760 455 819 479 πῖον
833 454 938 487 εἰσελη-

152 491 243 523 λακὼς
258 493 354 526 γῆραςτ
372 491 438 526 πρὸς
453 490 501 525 τὴν
517 490 585 524 ὑπὲρ
600 489 646 514 τοῦ
663 488 780 523 Χριστοῦ
823 498 940 523 ακαριω-

151 527 236 561 τάτην
255 527 449 562 προσ-πηδήσας
467 525 584 559 σφαγὴν,
600 528 652 551 etc.
671 524 715 550 Sic
735 524 779 550 ille
811 524 940 549 ivinorum

152 563 327 588 certaminum
351 561 590 595 emperieritissimus
612 567 708 590 senex,
725 564 802 592 atque
825 559 858 584 ati
880 567 940 593 pro-

153 597 264 631 [undam
278 603 301 624 ct
320 597 417 623 meritis
438 596 575 629 lecunslant
594 602 747 628 proyressus
770 599 938 625 senectutem,

152 632 187 658 ad
202 632 381 659 beatissimam
403 640 449 665 pro
469 630 573 658 Christo
594 634 702 655 mortem
717 630 856 662 prosiliens
867 649 874 660 ‚
887 635 938 656 etc.

152 667 206 694 Sed
217 668 287 694 idem
303 668 403 694 elarius
416 671 442 692 ct
452 666 619 700 expressius,
629 672 689 690 cum
703 665 769 690 dicit
782 664 939 699 Dionysium

152 703 325 737 septuaginta
340 710 425 728 anuos
439 702 464 727 in
487 708 569 727 cursu
583 700 734 733 apostolico
749 707 795 726 seu
817 699 939 734 Evange-

152 737 180 764 lii
197 737 386 771 praedicatione
413 737 547 770 posuisse.
565 734 670 767 Quibus
692 735 714 761 si
741 735 877 761 addideris
892 743 940 761 an-

152 780 202 799 nos
217 773 251 799 to
265 777 327 799 ante
347 772 433 807 ipsius
450 771 481 797 ad
497 771 636 797 ctu-istum
659 770 865 796 conversionem
883 771 940 805 (tot

151 807 223 834 cnim
239 808 379 833 minimum
392 806 643 841 suerunt)1nvenics
657 806 741 832 totius
752 806 840 832 aetatis
852 813 938 833 annos

151 848 262 869 centum
279 843 383 869 decem.

187 877 277 909 Quare
292 876 492 904 observandum
517 880 568 905 est,
585 876 732 901 Baronium
747 879 821 902 tomo
833 874 869 900 xt
884 875 938 901 An-

150 913 262 942 nalium,
277 920 347 939 auno
365 913 466 939 Christi
488 912 549 941 119,
569 919 663 938 errore
679 911 783 945 lapsum
801 910 827 936 in
845 919 937 944 repre-

152 948 284 974 hensione
305 947 426 982 Syngcli,
441 947 503 973 dum
519 946 683 973 existimarit
705 946 779 971 illum
795 953 938 972 numerare

151 983 341 1009 tantummodo
353 983 522 1017 septuaginta
537 989 623 1008 annos
638 981 726 1008 :etatis
740 982 826 1008 sancti
839 981 939 1016 Diony-

153 1018 198 1045 sii.
214 1018 280 1044 Nam
297 1018 348 1044 hoc
364 1019 474 1044 minime
491 1017 556 1043 sacit
578 1016 728 1052 Syngelus3
745 1016 858 1043 minime
871 1024 937 1050 gen-

150 1054 229 1080 tium.
246 1052 386 1085 Quomodo
401 1053 473 1079 enim
489 1052 516 1078 id
534 1052 646 1083 faceret,
664 1052 710 1085 qui
729 1059 790 1077 eum
804 1051 836 1076 ad
852 1056 939 1078 extre-

150 1096 195 1114 ma
210 1089 408 1122 persecutionis
418 1088 529 1122 Trajani
542 1088 697 1121 pervenisse
709 1086 811 1113 scribat
821 1087 828 1112 ¹.
838 1086 938 1113 Verum

150 1123 260 1151 omissis
274 1124 361 1150 aetatis
377 1123 466 1154 annis,
486 1123 519 1149 de
534 1123 613 1149 annis
625 1126 731 1148 tantum
750 1122 804 1156 agit.
821 1129 889 1155 qutis
911 1122 939 1148 in

153 1158 308 1185 Christiana
340 1159 395 1186 vita
414 1162 440 1185 et
464 1166 545 1185 cursu
558 1157 719 1192 apostolico,
738 1162 767 1183 ut
782 1158 838 1191 ipse
849 1161 937 1188 vocat,

149 1194 292 1228 transegit.

186 1229 276 1261 Quod,
290 1233 318 1255 ut
331 1229 417 1264 magis
427 1232 545 1261 constet,
558 1227 718 1263 probabitur
727 1236 759 1254 ex
773 1227 858 1261 ipsius
869 1226 938 1261 Syn-

151 1265 202 1298 gcli
219 1265 319 1296 verbis,
332 1265 439 1291 duobus
457 1265 483 1290 in
505 1264 582 1290 locis.
599 1262 677 1289 Prior
693 1263 768 1289 locus
790 1263 816 1288 in
837 1262 939 1296 Diony-

149 1300 184 1325 sii
204 1299 330 1326 Encomio
353 1303 393 1326 est
409 1300 469 1326 talis
490 1308 496 1324 2
520 1299 547 1325 Ὀ
565 1298 696 1333 μακάριος
715 1299 802 1324 τοίνυν
820 1298 866 1323 καὶ
881 1298 940 1331 τρὶς

149 1334 227 1360 τοῦτο
249 1336 293 1361 καὶ
310 1335 438 1366 πολλάκις
459 1335 594 1364 Διονύσιος
618 1334 662 1359 ἐπὶ
685 1333 867 1368 ἑῢδομήκοντα
893 1333 939 1367 ’ἐτη

150 1370 259 1404 χρόνον,
278 1370 320 1396 διὰ
342 1370 443 1405 μυρίων
468 1369 626 1403 ὀνειδισμῶν
646 1370 692 1394 καὶ
710 1368 868 1403 πειραπμών
894 1368 940 1393 καὶ

150 1405 286 1440 πολέμων,
302 1406 347 1432 καὶ
364 1405 506 1437 κινδύνων,
525 1405 571 1430 καὶ
584 1404 636 1429 τῶν
657 1404 812 1438 συντρόφων
832 1403 938 1437 φιλοσό-

151 1449 219 1474 φων,
238 1440 336 1474 μᾶλλον
351 1440 378 1466 δὲ
396 1440 513 1474 ἁσόφων,
529 1438 701 1474 διεληλυθὼς,
714 1443 765 1466 etc.
780 1439 877 1464 Beatus
890 1438 938 1472 iai-

151 1480 204 1505 tur,
221 1480 244 1502 et
261 1480 347 1510 terque
365 1480 506 1510 quaterque
523 1475 612 1501 beatus
628 1474 772 1508 Dionysius
789 1474 822 1499 acl
834 1478 940 1507 septua-

149 1511 223 1545 ginta
236 1519 316 1537 annos
332 1519 376 1545 per
393 1510 463 1536 mitte
476 1510 614 1544 opprobria
629 1514 653 1535 et
666 1510 820 1535 minutiatos
836 1515 859 1535 et
870 1509 938 1534 bella

148 1550 174 1571 et
192 1546 318 1578 pericula,
338 1552 391 1572 tam
411 1555 426 1571 a
444 1547 498 1572 suis
514 1544 684 1579 popularibus
707 1550 730 1570 et
753 1544 868 1577 ejusdem
885 1544 936 1569 ali-

149 1581 255 1614 quando
272 1581 415 1615 reliyiouis,
431 1586 454 1606 et
470 1581 549 1606 simut
569 1580 686 1606 educatis
705 1579 876 1612 philosophis,
892 1584 938 1604 aut

148 1615 331 1648 insipientibus
346 1616 441 1649 patius,
458 1621 646 1649 transgressus,
662 1618 713 1641 etc.
735 1614 799 1646 Qum
812 1615 893 1640 verba
906 1614 939 1640 de

149 1651 230 1677 annis
244 1652 332 1677 :etatis
344 1652 447 1684 acecpit
461 1650 603 1679 Baronius.
616 1658 676 1675 cum
689 1649 714 1675 id
725 1650 807 1675 verba
823 1657 876 1675 non
893 1656 938 1675 so-

149 1690 226 1718 nent,
245 1686 291 1712 scd
308 1686 393 1720 magis
412 1686 579 1711 contrarium
601 1686 714 1711 innuant
726 1704 733 1715 ,
751 1692 847 1718 nempe
873 1688 939 1710 tem-

148 1727 212 1755 pus,
228 1721 300 1755 quod
316 1722 342 1747 in
355 1721 455 1747 Christi
471 1721 581 1747 servitio
593 1720 676 1745 multa
694 1720 764 1746 inter
779 1719 937 1753 opprobria,

149 1756 281 1790 pericula,
309 1756 422 1783 adversa
439 1756 578 1789 transegit.
603 1754 680 1787 Quod
700 1763 731 1780 ex
748 1756 838 1780 verbis
858 1755 937 1788 paulo

169 1795 211 1817 ost
227 1792 467 1825 subsequentibus,
485 1791 587 1825 liquido
609 1790 795 1821 confirmatur,
810 1789 854 1815 ubi
872 1790 938 1816 dicit

174 1826 307 1862 ionysium
322 1827 457 1861 peregissi¹
466 1827 577 1860 duplum
591 1825 618 1852 S.
631 1825 704 1851 Pauli
718 1832 843 1851 cursum:
858 1824 935 1858 501

150 1860 196 1887 Sic
216 1863 287 1887 enirn
316 1862 395 1887 habet
415 1870 420 1887 :
445 1862 497 1886 Καὶ
517 1861 626 1896 δραμὼν
658 1860 756 1894 δρόμον
782 1859 936 1885 διπλασίονα

148 1896 195 1922 τοῦ
206 1897 234 1922 ὃν
252 1896 354 1925 Παῦλος
369 1898 382 1923 ὁ
400 1896 546 1927 πολύαθλος
561 1896 605 1921 καὶ
622 1894 816 1930 οὐρανοδρόμος
842 1894 935 1929 δεδρά-

149 1939 246 1992 ἳὶηκεν.
264 1931 296 1957 Et
314 1932 358 1965 qui
379 1932 486 1965 duplum
505 1932 560 1965 ejus
579 1939 684 1957 cursum
699 1930 845 1963 percurrit,
862 1938 936 1963 quem

175 1968 251 1993 aulus
269 1967 410 1993 inultorum
425 1972 544 2000 arpertus
564 1967 746 1996 certaminum,
766 1970 789 1990 et
811 1965 844 1990 ad
860 1965 936 1991 cii-los

148 2009 230 2035 usque
242 2008 376 2035 provectus
393 2003 518 2028 cucurrit.
537 2002 617 2035 Atqui
635 2002 662 2028 S.
678 2001 796 2027 Joanncs
817 2000 936 2035 Chryso-

149 2041 254 2063 stomus
271 2038 296 2063 in
314 2037 427 2063 lloinilia
445 2038 478 2063 lte
492 2037 651 2070 principibus
668 2036 844 2069 apostoloram
857 2035 934 2061 Petro

149 2078 173 2097 et
198 2072 282 2098 Paulo
295 2073 400 2103 scribit,
413 2080 521 2098 cursum
535 2078 560 2098 et
576 2076 711 2098 certamen
727 2071 754 2095 S.
766 2070 840 2096 Pauli
853 2071 936 2097 ruisse

149 2107 184 2133 35
200 2115 333 2133 annorum
351 2117 355 2133 :
373 2108 416 2133 1-111
433 2112 458 2133 ct
474 2109 495 2133 si
511 2108 577 2133 alios
597 2108 631 2133 55
648 2106 801 2135 addideris,
815 2106 888 2138 juste
904 2106 936 2132 70

149 2142 264 2174 ellicies,
285 2143 334 2168 hoc
353 2147 394 2168 est
406 2143 517 2176 duplum
532 2150 642 2168 cursum
657 2141 794 2175 Dionysii:
812 2146 849 2166 tot
863 2141 934 2166 enim

149 2177 188 2203 illi
205 2185 292 2203 annos
308 2178 428 2203 laborum
451 2177 544 2203 tribuit
562 2177 708 2212 Syngelns,
728 2175 821 2208 ntjam
838 2176 935 2201 *miehi-

148 2216 204 2238 tur.
228 2212 303 2239 Alter
322 2213 397 2239 locus
415 2213 496 2245 igitur
514 2212 541 2238 in
563 2212 656 2237 eodem
679 2211 804 2236 Eut-ontio
816 2230 822 2240 ,
839 2211 888 2236 sub
905 2211 934 2236 ti-

149 2255 225 2277 ncm,
254 2254 295 2274 cst
318 2248 450 2281 ejusmodi
468 2247 533 2277 ;’1’ίς
550 2246 595 2272 οὖν
610 2247 653 2272 τὸν
670 2247 698 2271 ὲν
720 2246 803 2271 ἔτεσιν
820 2246 935 2280 &Eous-¹-

148 2291 229 2308 κοντα
244 2284 292 2317 τὴν
307 2283 485 2316 ἀποστολικὴν
499 2282 643 2308 ὁδεύσαντα
658 2281 757 2315 τρίὸον,
767 2282 812 2306 καὶ
823 2281 935 2315 Σωτῆρα

148 2318 265 2351 Χριστὸν
281 2317 597 2352 κηρύξαντα,ριε.,ἀξ;ως
613 2316 791 2350 fluvitantem
809 2316 872 2348 Quis
887 2316 934 2349 1ῃὶ-

149 2357 192 2377 tur
211 2361 279 2383 eum,
296 2354 340 2386 qut
357 2361 438 2378 annos
452 2353 617 2385 septuayinta
633 2352 699 2376 riam
714 2351 811 2376 irim-ric
831 2356 935 2382 wusto-

149 2387 238 2418 ticam,
255 2393 277 2413 et
293 2388 454 2413 Salvatorem
474 2388 606 2413 Christum
618 2387 780 2419 pru’tlicarit,
795 2386 871 2419 (lique
887 2385 935 2411 ad—

148 2423 278 2449 miretur?
293 2423 378 2455 Qucm
396 2423 484 2448 hii-um
509 2424 530 2448 si
551 2422 682 2448 Bai-onius
705 2421 877 2447 attendisset.
897 2421 934 2447 si-

148 2458 258 2491 mulque
281 2457 314 2483 de
338 2458 420 2491 duplo
438 2465 519 2483 cursu
544 2457 698 2483 accuratius
723 2456 909 2490 perpendisset
925 2476 931 2485 ,

149 2498 298 2525 tntnquam,
318 2493 425 2525 opinor,
439 2493 553 2519 dixisset
574 2493 658 2518 videri
673 2492 723 2517 sibi
738 2492 932 2517 hallucinatum

149 2525 306 2552 Michaelcin
323 2527 479 2561 Syngclum,
496 2528 549 2554 imo
564 2535 624 2554 cum
640 2527 717 2553 avide
733 2535 780 2560 pro
800 2534 847 2552 sua
871 2534 932 2552 scn-

148 2562 232 2586 tentia
249 2561 408 2594 arripuisset
424 2564 495 2597 (cum
509 2563 541 2588 ad
555 2570 613 2588 cam
626 2563 770 2595 plurimum
790 2562 881 2591 iaciat)
893 2562 930 2587 nti

148 2599 175 2621 et
187 2596 261 2621 illum
278 2597 402 2629 arripnit,
427 2606 480 2631 qno
504 2598 613 2631 scripsit
630 2597 761 2632 Syngelus
775 2597 931 2630 Dionysium

149 2631 181 2657 aa
202 2635 322 2656 extrema
345 2630 453 2664 Trajani
474 2636 595 2666 tempora
621 2633 793 2666 pervenisse,
818 2632 885 2661 sive,
903 2635 931 2656 nt

149 2666 211 2692 alibi
227 2670 269 2691 cst
281 2665 306 2691 in
324 2665 430 2697 Graeco,
451 2668 518 2701 πρὸς
533 2667 571 2701 τῷ
587 2668 632 2692 τοῦ
650 2667 762 2693 διώκτου
777 2666 931 2702 τυραννίδος

147 2701 266 2734 πέρατι,
285 2700 319 2725 ad
342 2701 419 2733 linem
441 2702 587 2735 tyrannidis
609 2703 800 2736 persecutricis.
820 2701 931 2727 Duravit

148 2741 238 2762 autem
254 2741 277 2762 et
296 2740 357 2769 post
372 2735 459 2768 ipsum
476 2736 622 2769 Trajanum
637 2738 748 2764 incitata
763 2737 928 2771 persecutio,

147 2778 196 2797 nec
215 2778 357 2797 successor
371 2769 504 2796 Adrianus
521 2771 597 2797 initio
613 2771 717 2805 imperii
735 2774 773 2798 vol
787 2772 927 2802 exstinxit,

147 2806 189 2831 vel
206 2806 344 2839 repressit,
361 2805 407 2831 scd
422 2805 591 2831 redaccendit
609 2807 698 2839 potius
713 2811 738 2833 et
755 2807 864 2833 laxavit.
878 2807 928 2832 As-

148 2845 252 2869 sentior
265 2841 334 2866 enim
349 2840 464 2868 Barouio
480 2841 534 2867 haec
548 2840 580 2868 de
595 2841 640 2868 illo
658 2842 786 2874 scribenti
804 2852 808 2868 ;
828 2852 835 2867 1
857 2841 926 2868 Tan<

954 852 975 881 B

953 1527 973 1554 C

990 207 1108 241 Traiano
1120 207 1263 234 excitatam
1283 205 1373 232 Boane
1385 211 1575 239 compesceret,
1590 212 1617 233 ut
1629 207 1718 232 acrius
1730 210 1771 232 at-

989 250 1041 277 que
1063 243 1191 269 acerbius
1212 242 1381 268 instaurarit.
1401 251 1410 266 ›
1433 241 1465 267 Et
1488 242 1578 268 inira:
1606 251 1614 266 1
1634 241 1772 267 Adrianus

990 278 1071 311 igitur
1088 278 1145 312 ipso
1164 278 1190 303 in
1214 276 1356 310 imperium
1375 277 1510 310 ingressu,
1527 277 1576 303 etsi
1592 284 1655 310 erga
1676 283 1771 303 omncs

990 312 1112 339 Romano
1128 313 1265 345 subjectos
1281 312 1393 345 imperio
1406 312 1537 345 optimum
1552 311 1712 346 principem,
1730 315 1770 337 ta—

991 356 1052 375 men
1069 348 1095 374 in
1106 348 1276 375 Christianos
1294 346 1417 373 exhibuit
1435 354 1464 373 se
1477 346 1655 373 Phalarideni.
1678 356 1686 371 ι

1026 383 1102 409 Unde
1115 383 1253 409 conciliari
1271 382 1330 408 duas
1345 382 1485 408 sententiae
1506 381 1538 408 de
1552 386 1672 414 tempore
1696 389 1769 407 inar-

990 418 1054 452 tyt·ii
1067 418 1106 445 sic
1121 422 1246 452 possunt,
1267 422 1295 443 nt
1313 422 1339 443 et
1362 418 1412 443 snb
1427 417 1546 443 Adriano
1560 424 1646 442 causus
1665 415 1771 442 diratur

992 455 1020 479 S.
1037 453 1182 488 Dionysius
1193 473 1199 484 ‚
1225 456 1251 478 ct
1267 452 1294 478 111
1313 452 1503 485 persecutione
1519 451 1629 485 Trajani
1647 459 1743 486 nempe
1755 460 1770 477 a

990 488 1108 520 Trojano
1126 488 1262 516 inchoata,
1280 487 1314 513 ab
1330 487 1448 513 Adriano
1463 490 1596 521 promota.

1026 523 1082 557 (75)
1099 524 1229 556 Quoniam
1244 522 1300 548 illic
1312 521 1459 548 Mercurius
1475 522 1570 548 ltonore
1581 524 1710 557 pra‘cipuo
1728 529 1772 547 co-

992 559 1096 586 leretur.
1117 558 1154 585 lta
1171 558 1273 584 cultum
1292 557 1375 584 tuisse
1390 557 1474 585 Gallis
1489 557 1663 587 Mercurium,
1678 561 1772 585 auctor

991 597 1033 621 est
1045 594 1101 627 ipse
1117 593 1205 620 Julius
1218 593 1319 623 Caesar,
1341 593 1387 620 lib.
1407 601 1433 619 v¹
1458 593 1496 619 De
1519 592 1585 618 betto
1601 593 1713 623 Gallico,
1730 592 1772 619 his

991 629 1081 656 verbis
1096 638 1102 656 z
1118 638 1126 653 ι
1141 628 1235 656 Deum.
1249 628 1346 662 inquit,
1359 629 1477 655 maxime
1490 627 1652 655 Mercurium
1669 628 1770 655 colunt.

992 663 1078 698 llujus
1104 668 1168 690 sunt
1194 663 1309 697 plurima
1325 663 1489 689 simulacra:
1505 664 1576 689 hune
1591 665 1711 690 omnium
1728 664 1767 689 in·

991 704 1129 726 ventorem
1144 699 1243 725 artium
1257 698 1348 725 ferunt
1362 707 1368 725 ε
1386 698 1458 724 hunc
1475 698 1579 724 viarum
1597 703 1677 732 atque
1694 699 1773 724 itine-

991 742 1050 760 rum
1070 734 1181 765 ducem;
1200 733 1272 759 hunc
1292 733 1324 759 act
1342 737 1462 767 quaestus
1485 734 1613 767 pecnnhe,
1638 737 1774 760 mercatu-

990 777 1089 802 rasque
1115 769 1214 795 habere
1243 769 1296 794 vim
1332 769 1476 795 maximam
1505 768 1681 795 arbitrantur.
1709 768 1773 794 Post

992 805 1075 837 hunc,
1092 804 1259 838 Apollinem,
1276 807 1302 829 ct
1323 803 1434 830 Martem
1447 823 1453 834 ‚
1467 808 1492 829 et
1505 803 1609 834 Jovem,
1633 808 1658 831 et
1675 804 1773 830 Miner-

991 848 1062 867 vam.
1084 850 1091 865 1
1108 840 1145 865 lta
1160 839 1261 865 Caesar.
1279 838 1328 864 Ubi
1340 842 1414 870 nota,
1439 839 1518 864 Deum
1532 839 1662 870 maxime,
1683 839 1708 865 id
1733 842 1774 865 est.

991 883 1005 901 e
1023 875 1076 902 diis
1093 875 1220 906 maxime,
1238 873 1397 899 Mercurium
1414 875 1512 900 colunt.
1532 873 1597 900 Esse
1610 874 1680 900 enim
1695 881 1774 900 casus

989 910 1132 945 gignendi,
1159 910 1261 935 indicat
1278 913 1355 936 vetus
1373 909 1506 943 interpres
1521 908 1631 936 Grzecns
1644 929 1650 940 ,
1672 909 1717 942 qui
1737 909 1774 934 ita

990 946 1053 980 legit
1072 949 1098 971 et
1121 945 1222 971 vertit:
1247 944 1358 970 Πάντων
1381 944 1408 970 δὲ
1431 944 1483 970 τῶν
1509 944 1576 970 θεῶν
1601 945 1646 970 τὸν
1673 943 1774 979 Ἑρμῆν

990 981 1172 1015 περισσότατα
1190 979 1306 1005 oseem.
1329 979 1368 1005 Ex
1388 979 1507 1006 omnibus
1524 980 1574 1005 (liis
1596 980 1708 1005 maaime
1730 987 1774 1005 co-

990 1016 1046 1042 lunt
1063 1015 1234 1041 Mercurium.
1250 1014 1285 1041 De
1302 1014 1437 1040 Mercurio
1449 1018 1490 1042 est
1503 1015 1584 1041 ctiam
1607 1015 1652 1040 illa
1667 1014 1775 1041 Tertul-

990 1051 1055 1077 liani
1072 1051 1232 1079 auctoritas,
1248 1050 1274 1076 in
1291 1048 1453 1083 Scorpiaco,
1470 1049 1593 1075 adversus
1617 1050 1752 1075 Gnosticos
1765 1068 1774 1081 .

990 1094 1014 1113 c.
1033 1086 1047 1111 7
1063 1095 1068 1112 :
1092 1095 1100 1110 e
1120 1086 1171 1112 Sed
1188 1085 1269 1116 enim,
1284 1085 1381 1119 inquit,
1399 1084 1558 1119 Scytharum
1586 1084 1707 1116 Dianam,
1727 1088 1773 1110 aut

989 1121 1128 1147 Gallorum
1148 1120 1323 1152 Mercurium,
1339 1125 1384 1146 aut
1400 1121 1526 1146 Afrorum
1539 1119 1684 1146 Saturnum
1698 1140 1704 1150 ‚
1723 1120 1773 1146 ho-

990 1157 1096 1183 minum
1123 1156 1233 1182 victima
1258 1155 1358 1189 placari
1393 1156 1462 1190 apud
1494 1155 1621 1182 siccatum
1646 1155 1736 1189 liquit.
1761 1164 1771 1180 »

990 1191 1058 1218 Nota
1085 1191 1160 1225 liquit
1188 1191 1354 1224 praeteritum
1379 1198 1439 1217 esse
1460 1198 1474 1216 a
1495 1191 1588 1223 liquet,
1611 1190 1635 1216 id
1652 1195 1693 1216 est
1709 1198 1775 1216 con-

991 1227 1070 1253 stitit.
1087 1226 1187 1253 Mentio
1204 1226 1266 1252 item
1282 1226 1363 1258 hujus
1378 1226 1473 1252 nefarii
1489 1226 1578 1251 cultus
1593 1229 1681 1252 exstat
1703 1225 1778 1258 apud·

992 1262 1138 1288 Minatium
1156 1261 1271 1287 Felicem
1286 1261 1311 1286 in
1325 1261 1442 1292 Octavio,
1464 1261 1516 1286 sub
1537 1261 1654 1287 initium.
1681 1270 1689 1284 1
1711 1260 1774 1286 lude

991 1298 1068 1328 adeo,
1089 1297 1187 1330 inquit,
1204 1304 1250 1330 per
1267 1297 1393 1323 universa
1408 1296 1531 1329 imperia,
1547 1296 1712 1329 provincias,
1725 1303 1775 1329 op-

992 1333 1063 1366 pida,
1083 1331 1337 1365 videmussingulos
1355 1339 1494 1358 sacrorum
1516 1332 1584 1357 ritus
1602 1331 1715 1365 gentiles
1731 1331 1774 1355 ha-

992 1368 1071 1399 bere,
1090 1372 1116 1393 ct
1133 1367 1198 1393 deos
1216 1367 1304 1393 colere
1321 1367 1481 1400 municipes,
1497 1371 1523 1392 nt
1539 1366 1679 1392 t-Jleustnos
1694 1365 1775 1391 Cere-

991 1411 1060 1433 rem,
1080 1402 1200 1436 Phrygas
1218 1401 1340 1436 Magnam
1357 1406 1479 1431 matrem,
1497 1401 1657 1435 Epidaurios
1679 1400 1774 1427 AEscu—

992 1439 1104 1472 lapium,
1121 1437 1262 1464 chalda-os
1281 1437 1385 1467 Belum,
1402 1437 1529 1464 Astarten
1549 1437 1643 1471 Syros,
1661 1435 1774 1462 Dianam

991 1472 1135 1504 Tauricos,
1154 1471 1246 1499 Gallos
1264 1472 1438 1502 Mercurium,
1452 1473 1577 1499 universa
1592 1471 1754 1498 Romanos.»

1027 1509 1063 1535 De
1081 1508 1173 1534 Martis
1194 1512 1283 1533 autem
1305 1507 1379 1533 cultu
1397 1511 1531 1533 testantur
1552 1511 1642 1534 vetera
1666 1510 1775 1533 sancto-

991 1551 1050 1568 rnm
1061 1544 1138 1574 Acta,
1157 1550 1171 1568 e
1190 1542 1290 1576 quibus
1307 1542 1362 1568 haec
1377 1542 1527 1576 desumpsit
1543 1541 1702 1568 Vincentius
1716 1540 1775 1567 Bel-

991 1579 1144 1604 lovacensis
1162 1578 1187 1603 in
1206 1577 1316 1610 Speculo
1332 1577 1393 1603 hist.
1411 1577 1456 1603 tib.
1473 1585 1499 1607 x,
1517 1585 1541 1603 c.
1560 1577 1595 1602 27
1611 1587 1616 1603 :
1634 1588 1641 1601 1
1664 1576 1696 1602 111
1711 1584 1774 1602 san—

990 1614 1024 1639 cti
1044 1613 1093 1639 viri
1120 1620 1134 1638 a
1157 1612 1185 1638 B.
1205 1612 1343 1638 Clemente
1364 1611 1471 1642 directi,
1491 1612 1638 1646 apostolica
1663 1612 1774 1637 benedi-

991 1648 1082 1674 ctione
1100 1648 1231 1677 roborati,
1248 1651 1274 1673 rt
1292 1646 1408 1681 Spiritus
1424 1648 1510 1674 sancti
1530 1654 1621 1673 amore
1635 1648 1771 1676 succensi,

990 1683 1123 1709 Dominiei
1138 1683 1210 1709 ruris
1226 1682 1318 1708 lidclcs
1333 1683 1468 1715 agricolae,
1488 1681 1639 1709 barbaricis
1657 1682 1774 1716 pectori-

990 1719 1041 1745 bus
1056 1719 1169 1745 verbum
1184 1716 1229 1743 Dei
1243 1717 1401 1748 inserentes,
1417 1717 1615 1743 Arelatensium
1642 1720 1775 1743 venerunt.

990 1754 1022 1779 ad
1037 1754 1141 1783 urbem,
1161 1756 1320 1786 tantamque
1333 1753 1446 1786 gratiam
1464 1752 1567 1778 sanetis
1583 1752 1639 1779 suis
1659 1753 1772 1785 1111511115

989 1794 1030 1815 est
1047 1788 1191 1819 Dominus,
1212 1791 1350 1813 uteorum
1375 1787 1557 1821 praedicationi
1582 1787 1657 1821 plebs
1679 1787 1773 1812 Arela-

989 1824 1075 1850 tensis
1088 1824 1162 1849 nullo
1179 1822 1259 1849 modo
1275 1823 1424 1853 resisteret,
1441 1823 1486 1849 sed
1504 1821 1676 1857 Evangelium
1691 1822 1772 1848 Chri·

989 1860 1021 1885 sti
1036 1859 1139 1885 devotis
1155 1858 1306 1892 suscipiens
1316 1857 1772 1889 mentibus,Conditoremomnium

989 1895 1104 1920 lideliter
1130 1893 1266 1920 adoraret.
1284 1892 1347 1918 Erat
1367 1893 1438 1918 enim
1465 1893 1501 1918 ibi
1522 1893 1644 1919 maximae
1661 1900 1772 1918 venera-

988 1930 1069 1956 tionis
1087 1929 1227 1962 temptum,
1249 1929 1275 1954 in
1298 1934 1352 1961 quo
1370 1927 1465 1954 Martis
1481 1931 1570 1953 statua
1589 1927 1622 1953 ab
1644 1927 1771 1953 omnihus

988 1965 1136 1991 colebatur.
1155 1963 1241 1995 Quam
1255 1963 1284 1990 Β.
1299 1962 1444 1997 Dionysius
1460 1963 1534 1989 nullo
1546 1963 1683 1988 homiuum
1697 1962 1771 1988 labo-

988 2008 1026 2031 re,
1043 2000 1090 2026 sed
1107 1999 1191 2025 divini
1205 1998 1323 2024 nominis
1342 1999 1511 2024 invocatione
1526 1998 1667 2031 contre-git,
1685 2003 1710 2023 et
1722 1998 1771 2023 eli-

988 2035 1098 2061 minatis
1118 2034 1190 2059 sohti
1216 2034 1304 2060 cultus
1321 2034 1475 2067 spurcitiis,
1498 2033 1530 2057 ad
1555 2032 1769 2065 regeneramlum

988 2070 1116 2104 populum
1130 2069 1186 2099 Dei,
1200 2068 1388 2102 baptisterium
1399 2068 1433 2093 ibi
1450 2068 1505 2094 lieri
1520 2069 1646 2101 prtcccpit
1661 2077 1667 2093 :
1681 2068 1769 2100 ipsum

988 2113 1051 2131 vcro
1067 2105 1208 2138 templum,
1224 2104 1274 2129 snb
1291 2103 1464 2129 veneratione
1478 2103 1617 2129 beatorum
1631 2102 1768 2136 apostolo-

987 2148 1047 2165 rum
1073 2139 1145 2165 Petri
1169 2142 1194 2164 et
1220 2137 1294 2164 Pauli
1320 2138 1464 2164 ecelesiam
1486 2138 1665 2164 consecravit.
1691 2147 1699 2162 ι
1734 2136 1769 2163 De

988 2174 1059 2201 llcso
1074 2179 1099 2200 et
1115 2174 1257 2203 Thcutatc,
1274 2173 1326 2199 diis
1339 2173 1431 2198 itidem
1450 2173 1606 2204 Gallorum,
1622 2179 1768 2206 eorumque

988 2211 1074 2240 cultu,
1094 2210 1152 2236 vide
1165 2209 1191 2234 111
1207 2208 1326 2234 Historia
1346 2208 1463 2239 deorum,
1475 2212 1643 2243 syntagmate
1660 2207 1701 2240 t7,
1717 2206 1768 2233 sub

989 2246 1078 2271 linem.

1024 2280 1079 2314 (76)
1096 2279 1217 2313 Dionysii
1235 2279 1359 2313 martyris
1383 2282 1500 2309 truncus,
1517 2282 1568 2304 etc.
1588 2277 1695 2303 Simeon
1713 2277 1767 2303 Me-

988 2315 1140 2349 taphrastes
1161 2324 1166 2340 z
1189 2315 1302 2349 ’Έφερεν
1327 2312 1371 2339 οἷν
1395 2313 1442 2347 τὴν
1471 2313 1588 2347 κεφαλὴν
1600 2312 1723 2349 καθάπερ
1739 2322 1766 2338 τι

987 2352 1113 2385 τρόπαιον
1131 2350 1175 2375 ἐπὶ
1192 2349 1243 2375 τῶν
1261 2349 1367 2384 χειρῶν,
1385 2353 1436 2374 etc.
1456 2346 1565 2373 Ferelmt
1586 2348 1666 2381 iqitur
1687 2352 1766 2381 caput

987 2385 1012 2410 iu
1028 2386 1160 2415 rttttiiilntS,
1177 2385 1252 2418 quasi
1269 2390 1393 2417 [ruperunt
1410 2383 1522 2416 aliquod.
1540 2383 1610 2408 ltlcni
1624 2382 1703 2409 refert
1715 2382 1768 2409 Me-

986 2421 1095 2447 thodius
1111 2430 1116 2446 :
1133 2421 1185 2445 Καὶ
1201 2419 1253 2455 γὰρ
1271 2421 1302 2454 τῇ
1323 2418 1443 2453 μακαρίᾳ
1460 2417 1530 2451 χειρὶ
1547 2417 1643 2442 ἑαυτοῦ
1661 2418 1709 2452 τὴν
1725 2427 1765 2443 κε-

986 2455 1072 2488 φαλὴν
1088 2456 1141 2481 ἀπὸ
1158 2454 1203 2480 τοῦ
1228 2454 1351 2488 σώματος
1376 2452 1427 2478 ὑπὸ
1448 2453 1499 2477 τών
1516 2453 1623 2486 ἀνόμων
1640 2452 1677 2486 τῷ
1695 2452 1764 2486 ξίφει

985 2491 1187 2525 ἀποτμηθεῖσαν
1204 2489 1292 2519 ἔλαθε,
1309 2493 1362 2515 etc.
1381 2487 1482 2513 Etenim
1499 2487 1574 2513 beata
1593 2495 1670 2513 utana
1687 2493 1763 2521 caput

984 2534 1059 2551 ¹suum
1073 2536 1087 2551 a
1101 2533 1207 2558 corpore
1221 2527 1252 2550 ab
1273 2521 1420 2550 hominibus
1440 2522 1547 2555 nefariis
1562 2522 1650 2557 ytmtio
1672 2525 1762 2556 prirci-

983 2569 1040 2586 sum
1053 2561 1159 2594 accepit.
1172 2560 1236 2586 Vide
1258 2559 1328 2594 apud
1343 2557 1450 2584 cosdem
1467 2558 1543 2592 plura
1553 2577 1559 2588 ,
1574 2561 1600 2584 ct
1618 2558 1677 2584 l'use
1691 2557 1762 2592 apud

983 2595 1153 2622 llildniuum.

1019 2631 1116 2657 Eadem
1135 2631 1167 2657 de
1182 2637 1210 2656 re
1226 2630 1302 2663 lingo
1318 2638 1331 2655 a
1349 2628 1376 2656 S.
1394 2628 1502 2654 Victore
1524 2628 1571 2655 lib.
1595 2636 1618 2654 iv
1634 2627 1670 2653 De
1686 2627 1761 2653 vani-

984 2670 1034 2692 tate
1058 2666 1147 2692 mundi
1160 2686 1166 2697 ,
1186 2666 1236 2692 sub
1255 2666 1352 2691 linem:
1373 2674 1380 2688 1
1412 2663 1556 2697 Dionysius
1585 2663 1756 2697 Areopagita,

982 2701 1078 2735 inquit,
1095 2704 1206 2735 accepto
1219 2700 1346 2726 mandato
1360 2699 1473 2725 Galliam
1493 2699 1652 2732 penetravit,
1666 2702 1691 2723 ct
1707 2705 1758 2731 pu-

980 2745 1077 2771 gnans,
1097 2740 1125 2762 ut
1139 2738 1269 2765 vinceret,
1288 2735 1428 2768 praevaluit
1442 2733 1563 2759 stabilire
1574 2733 1645 2766 leges
1663 2733 1688 2758 in
1707 2738 1757 2758 ter-

981 2779 1019 2797 ra.
1045 2772 1103 2805 lpse
1120 2772 1209 2801 enim,
1228 2774 1256 2795 ut
1281 2769 1436 2795 ostenderet
1458 2768 1528 2794 viam
1550 2768 1629 2797 vitae,
1649 2770 1760 2801 propt'er

980 2806 1168 2833 testimoninm
1186 2805 1320 2835 veritatis,
1339 2804 1448 2829 verbum
1466 2803 1597 2837 sanguine
1613 2810 1757 2828 eonsecra-

981 2842 1017 2868 vit
1033 2851 1038 2867 t
1058 2845 1083 2868 et
1102 2849 1133 2868 ne
1150 2848 1222 2868 mors
1239 2840 1317 2867 vitam
1337 2838 1521 2870 l·aeredit:=ret‚
1541 2838 1567 2865 in
1587 2837 1700 2864 mortuis
1718 2837 1758 2863 vi-
