1860 2961
176 100 227 128 539

542 102 715 129 APPENDlx
732 102 776 129 AD
794 102 909 130 OPERA
927 103 956 130 S.
978 103 1125 131 DtONYsu
1142 104 1382 131 AREOPAGtTAE.

1747 106 1797 133 δίε)

176 155 283 188 lunam;
301 164 362 184 cum
388 157 538 184 secundum
557 158 745 185 diametralem
768 159 866 185 lineam
890 166 904 185 e
923 166 966 185 rc·
980 161 1003 189 Α
1017 159 1092 185 ΜάΘε
1118 161 1176 191 πῶς
1192 161 1206 186 ὁ
1222 160 1286 191 Θεὸς
1307 160 1351 186 τὸν
1366 160 1439 194 ἥλιον
1457 160 1502 186 καὶ
1522 161 1571 196 τὴν
1595 159 1706 195 σελήνην
1729 161 1798 187 κατὰ

175 202 255 235 gione
282 211 341 230 sese
366 208 563 238 respectarent.
588 205 645 231 sole
674 205 783 239 quidem
798 205 853 238 Jam
869 204 964 231 dever-

176 251 255 280 gente
277 248 303 274 in
319 256 457 280 occasum,
473 249 617 276 luminaria
634 250 679 276 illa
700 250 799 277 stiterit
810 250 837 276 in
849 250 964 276 statione

175 300 235 323 sua,
250 293 344 327 utique
357 294 458 321 virtute
471 294 600 321 ineffabili
617 296 739 322 auctoris
751 304 845 323 eorum
862 295 918 321 Dei.
932 295 964 321 Et

174 336 312 363 i‘nnnouile
332 338 413 364 etiam
426 342 481 365 tum
496 339 617 366 substitit
631 340 788 367 universum
808 347 870 366 cum
889 343 964 366 utro-

174 392 226 418 que
240 384 385 417 luminari;
403 385 503 412 etenim
525 394 580 413 non
603 387 702 414 coelum
725 387 825 422 ipsum,
844 394 898 413 non
912 394 964 413 cae-

173 433 231 456 tera
245 430 334 457 sidera
345 431 641 464 circumvolvebantur,
654 433 701 460 sed
717 441 768 459 una
783 441 843 460 eum
856 433 963 460 duobus

173 475 233 502 istis
249 475 430 504 luminaribus
446 477 550 512 absque
569 483 645 505 motu
661 479 852 506 substiterunt.
871 478 963 513 Neque

174 529 259 555 parvo
271 522 404 549 duntaxat
422 528 543 558 tempore
566 532 664 551 cursus
684 525 804 551 universi
822 532 854 550 ac
873 528 963 552 motus

174 568 319 600 inhibitus,
338 569 384 596 sed
396 570 500 604 integro
512 570 566 601 die,
585 571 620 596 ita
635 575 663 596 ut
677 571 727 597 sub
739 570 803 597 Jesu
816 570 889 597 Nave
904 570 962 597 dics

172 613 419 649 sueriulupluata,
441 624 537 651 nempe
552 617 586 643 ad
606 616 703 651 viginti
725 621 842 651 quatuor
860 617 941 644 horas
954 638 961 651 ,

171 660 400 693 quemadmodum
425 661 498 688 clare
518 661 597 688 docet
617 662 697 689 Jesus
723 662 795 689 tilius
823 661 917 689 Siracli
935 663 961 689 in

171 705 271 739 hymno
288 704 410 733 Pati-nm.
438 706 541 734 Deinde
565 707 730 743 subjungit:
759 707 787 735 Si
803 716 867 735 vcro
888 709 962 735 dicat

170 750 371 784 Apollophanes
380 752 405 778 id
414 760 475 779 esse
487 753 666 788 impossibile,
678 758 707 780 ut
716 761 768 780 una
781 762 842 780 cum
854 754 961 782 duobus

169 796 351 824 luminaribus
374 798 491 830 coelum,
511 799 657 834 etreliqua
680 804 753 826 astra
773 800 960 832 substiterint,

1015 205 1158 240 διάμετρον
1186 205 1264 237 ὄντας
1293 206 1351 231 τότε
1381 206 1492 240 ἀντικρὺ
1522 206 1652 241 ἀλλήλων,
1669 206 1797 240 δυομένου

1018 252 1068 287 ἥδη
1088 252 1134 278 τοῦ
1155 252 1241 287 ἡλίου,
1260 252 1372 287 ἔστησεν
1393 252 1439 277 ἐπὶ
1454 253 1535 278 τόπου
1558 253 1620 283 τοὺς
1642 253 1797 287 φωστῆρας,

1016 298 1108 323 στάσιν
1132 298 1192 323 τινὰ
1217 298 1287 323 κατὰ
1311 297 1422 332 δύναμίν
1444 306 1502 323 τινα
1528 298 1628 332 ἄφατον
1649 297 1695 324 τοῦ
1713 298 1797 325 αἰτίου

1015 343 1101 368 αὐτῶν
1117 343 1192 369 Θεοῦ.
1210 343 1263 368 Καὶ
1277 342 1341 377 ε’στη
1359 342 1388 368 τὸ
1402 343 1454 368 πᾶν
1467 343 1592 377 ἀκίνητον
1610 343 1676 377 μετὰ
1690 343 1743 368 τῶν
1752 343 1798 369 δύο

1015 389 1163 423 φωστήρων
1175 397 1180 402 ·
1199 388 1258 414 οὔτε
1274 389 1327 424 γὰρ
1341 387 1530 424 οὐρανὸς,οί’)τε
1547 389 1570 413 οἱ
1587 388 1673 414 λοιποὶ
1686 388 1798 424 ἀστέρες

1015 434 1202 470 περιεπόλουν,
1218 433 1284 459 ἀλλὰ
1302 434 1521 468 συνειστήκεισαν
1535 434 1590 464 τοῖς
1601 434 1659 460 δυσὶ
1672 434 1799 468 φωστῆρ-

1015 489 1055 506 σιν
1072 480 1204 514 ἀκίνητοι.
1222 480 1276 506 Καὶ
1292 479 1353 505 οὔτε
1369 480 1413 505 ἐπὶ
1430 479 1518 513 ὀλίγον
1535 480 1548 505 ὁ
1562 479 1659 515 δρόμος
1674 479 1720 505 τοῦ
1737 488 1800 505 παν-

1013 526 1069 557 τὸς,
1086 527 1132 552 καὶ
1148 528 1164 562 ἡ
1184 526 1289 561 κίνησις
1301 525 1363 562 ἔστη
1382 526 1471 560 μόνον,
1489 525 1544 552 ἀλλ’
1560 526 1601 560 ἐφ’
1617 525 1722 561 ἡμέραν
1738 525 1797 551 ὁλό-

1014 571 1123 606 κληρον,
1141 572 1178 602 ὡς
1203 571 1326 605 γενέσθαι
1353 572 1398 597 ἐπὶ
1421 571 1507 606 Ἰησοῦ
1528 571 1574 596 τοῦ
1595 571 1671 605 Ναυῆ
1693 570 1799 606 ἡμέραν

1012 616 1107 651 διπλῆν
1129 616 1166 642 κδ’
1193 616 1281 651 ιὐρῶν,
1300 616 1337 647 ὡς
1359 616 1451 650 σαφῶς
1470 617 1548 643 τοῦτο
1565 625 1646 652 φησιν
1669 617 1770 652 Ἰησοῦς
1785 617 1800 642 ὸ

1012 661 1058 687 τοῦ
1077 662 1175 697 Σειρὰχ
1192 662 1220 688 ὲν
1235 662 1272 697 τῷ
1291 662 1367 697 ὕμνῳ
1380 662 1434 688 τῶν
1451 663 1588 698 Πατέρων.
1607 661 1673 689 Εἶτα
1691 663 1798 696 ἐπάγει·

1013 708 1043 734 Εἰ
1060 707 1087 733 δὲ
1106 709 1175 734 εἴποι
1200 708 1398 742 Ἀπολλοφάνης
1411 728 1417 740 ,
1442 708 1592 740 Ἀδύνατον,
1609 709 1639 734 οὺ
1659 708 1712 744 γὰρ
1735 708 1799 742 ἔστη

1015 753 1082 787 μετὰ
1093 754 1146 779 τῶν
1157 753 1202 780 δύο
1213 755 1303 789 φωστή
1309 763 1360 790 ρων
1371 754 1481 789 οὐρανὸς
1490 755 1536 781 καὶ
1545 755 1569 780 οἱ
1579 755 1666 781 λοιποὶ
1676 755 1799 790 ἀστέρες,

1013 798 1068 826 ἀλλ’
1086 799 1183 825 ἐκεῖνοι
1202 800 1249 834 μὲν
1264 799 1410 831 ἐκινοῦντο,
1426 796 1501 830 οὗτος
1517 799 1545 825 δὲ
1566 800 1669 825 ἰ’στατο·
1685 800 1800 835 ἀπόκρι-

171 842 218 868 sed
235 842 280 868 illa
297 847 370 869 mota
388 844 473 871 fnisse
486 845 543 872 sole
560 845 737 877 subsistente,
752 846 886 881 responde
897 847 959 881 ipsi,
977 849 997 875 Β
1013 853 1055 871 ναι
1070 845 1143 880 αὐτῷ
1156 846 1206 876 ὅτι,
1217 845 1342 872 Μάλιστα
1358 845 1436 871 τοῦτο
1452 846 1503 881 χρή
1518 854 1546 871 σε
1560 846 1719 881 ἐπιστρέψαι
1733 846 1801 881 πρὸς

168 888 211 915 vel
238 888 290 915 hoc
312 889 428 917 maxime
446 890 480 917 ad
502 899 597 918 verum
612 891 697 919 Deum
721 892 898 928 ejusdemque
916 901 963 920 co-

168 934 317 968 gnitionem
337 936 427 970 ipsum
443 941 603 964 convertere
619 938 759 970 debuisse,
775 939 847 973 quod
864 947 962 974 nempe

168 981 258 1014 polus,
282 982 327 1015 qui
356 982 502 1010 luminaria
530 984 695 1015 continebat,
719 985 960 1020 circumageretur,

168 1026 315 1053 luminaria
329 1036 402 1060 vero,
414 1036 474 1062 quze
488 1029 575 1063 ipsius
586 1031 728 1065 complexu
740 1032 960 1067 continebantur,

166 1071 277 1099 immota
301 1074 486 1100 consister-int.
501 1074 558 1102 Hoc
576 1076 650 1102 enim
672 1077 786 1111 majoris
799 1082 841 1105 est
853 1079 962 1107 virtutis

167 1119 237 1145 coelo
255 1120 415 1154 caeterisque
435 1120 521 1147 stellis
545 1121 637 1154 motis,
651 1122 735 1149 solem
753 1127 780 1150 et
798 1124 889 1150 lunam
904 1125 962 1153 sine

166 1168 240 1190 motu
256 1166 414 1197 consistere,
436 1171 462 1193 et
482 1174 536 1193 non
554 1167 650 1194 eodem
672 1173 747 1195 motu
760 1177 821 1195 cum
835 1171 962 1198 universo

166 1210 283 1241 moveri,
304 1219 366 1237 cum
386 1219 441 1246 quo
458 1221 566 1247 semper
581 1214 730 1249 circumagi
749 1221 959 1244 consueverunt.

198 1254 327 1290 Statuque
343 1258 460 1284 vnn-abili
475 1259 555 1285 simul
568 1268 627 1286 cum
645 1260 693 1286 hac
714 1261 892 1288 universitate
917 1261 962 1288 Ait

165 1309 272 1336 nempe,
300 1304 437 1337 quomodo
469 1305 551 1331 simul
582 1306 642 1341 ipso
668 1307 730 1342 polo
759 1308 871 1335 immoto
904 1316 962 1335 ma-

166 1351 248 1374 nente
268 1348 353 1382 (hune
376 1350 448 1376 enim
464 1351 670 1380 universitatem
683 1355 840 1390 appellavit)
855 1356 921 1383 soils
935 1360 962 1383 et

164 1393 236 1420 lunae
261 1396 343 1422 statio
371 1396 441 1423 sacta
466 1397 512 1424 sit.
541 1398 611 1431 Quin
638 1400 739 1434 potius,
761 1401 839 1436 311
862 1402 960 1437 inquit,

163 1441 250 1466 multo
279 1443 366 1476 magis
384 1443 550 1476 mirandum,
575 1445 598 1472 si
621 1446 700 1480 polus
715 1447 824 1481 quidem
842 1449 962 1475 circnm-

163 1485 295 1519 agebatur
312 1487 396 1521 (hunc
410 1489 482 1516 enim
498 1490 672 1524 significavit,
690 1492 795 1525 dicens,
819 1495 959 1526 universis,

1013 889 1057 916 τὸν
1075 890 1160 927 ἀληθῆ
1175 890 1240 917 Θεὸν
1260 891 1306 917 καὶ
1323 892 1371 925 τὴν
1388 891 1469 917 αὑτοῦ
1491 891 1602 925 γνῶσιν,
1627 892 1674 917 καὶ
1689 892 1734 918 τοῦ
1756 901 1800 917 κι-

1013 936 1120 968 νοῦντος
1137 937 1184 972 μὲν
1201 936 1246 962 τὸν
1262 937 1420 971 περιέχοντα
1435 937 1498 968 τοὺς
1515 937 1660 972 φωστῆρας
1676 937 1799 973 οὐρανὸν,

1014 984 1135 1015 ἱστάντος
1152 984 1180 1009 δὲ
1199 984 1342 1019 ἀκινήτους
1351 983 1413 1014 τοὺς
1424 983 1632 1019 περιεχομένους
1645 984 1798 1019 φωστῆρας.

1013 1029 1097 1056 Τοῦτο
1118 1029 1172 1065 γὰρ
1199 1029 1320 1065 μείζονάς
1347 1030 1404 1055 ἐστι
1421 1029 1569 1064 δυνάμεως,
1587 1029 1626 1060 τὸ,
1641 1029 1799 1064 κινουμένου

1013 1077 1126 1112 οὐρανοῦ
1146 1077 1192 1103 καὶ
1211 1076 1264 1103 τῶν
1281 1076 1381 1103 λοιπῶν
1401 1076 1531 1111 ἀστέρων,
1547 1076 1639 1110 στῆναι
1659 1075 1731 1110 ἥλιον
1753 1076 1800 1102 καὶ

1014 1123 1127 1158 σελήνην
1148 1123 1301 1157 ἀκινήτους,
1318 1123 1365 1148 καὶ
1387 1122 1425 1157 μὴ
1445 1121 1495 1156 τὴν
1510 1121 1593 1156 αὐτὴν
1609 1120 1692 1156 φορὰν
1707 1129 1801 1155 συγκι-

1013 1169 1127 1204 νηΘῆναι
1146 1168 1184 1203 τῷ
1197 1169 1287 1200 παντὶ,
1301 1168 1358 1203 μεθ’
1370 1166 1399 1194 οὗ
1415 1167 1458 1193 ἀεὶ
1471 1167 1729 1202 συμπεριήγοντο“.

1055 1267 1317 1301 Ὑπερφυεστιὶτην
1330 1267 1389 1301 ἅμα
1404 1266 1442 1299 τῷ
1462 1267 1560 1294 παντί.
1578 1266 1658 1301 Λέγει
1689 1266 1746 1301 μὲν,
1763 1266 1800 1297 ὡς

1012 1313 1079 1348 ὁμοῦ
1095 1313 1135 1348 τῷ
1148 1313 1220 1348 πόλῳ
1231 1314 1349 1348 ἀκινήτῳ
1369 1313 1488 1347 μείναντι
1503 1312 1590 1347 (τοῦτο
1606 1312 1659 1348 γὰρ
1675 1312 1799 1347 ὠνόμασε

1012 1358 1042 1384 τὸ
1057 1358 1120 1393 πᾶν)
1143 1359 1159 1393 ἡ
1176 1358 1221 1384 τοῦ
1234 1358 1307 1393 ἡλίου
1325 1358 1431 1393 καὶτῆς
1445 1358 1557 1393 σελήνης
1572 1358 1682 1392 ἐγένετο,
1696 1358 1797 1388 στάσις.

1013 1404 1120 1430 Μᾶλλον
1152 1404 1196 1435 δὲ,
1231 1405 1307 1439 φησὶ,
1340 1404 1429 1440 πολλῷ
1456 1403 1676 1439 θαυμασιώτερον
1691 1424 1697 1435 ,
1720 1402 1799 1438 εἴπερ

1013 1451 1026 1477 ὁ
1045 1451 1092 1484 μὲν
1108 1450 1188 1482 πόλος
1200 1451 1356 1486 περιήγετο,
1372 1450 1475 1485 (τοῦτον
1491 1449 1545 1485 γὰρ
1556 1449 1696 1484 ἐδήλωσεν,
1715 1448 1799 1475 εἰπὼν

1012 1496 1071 1522 τῶν
1079 1496 1167 1528 ὅλων,
1178 1496 1224 1522 καὶ
1234 1496 1417 1529 κρειττόνων,
1430 1495 1476 1521 καὶ
1488 1494 1708 1529 περιεχόντων),
1725 1494 1799 1528 ἥλιος

162 1532 359 1564 amarioribus,
382 1537 409 1560 et
432 1536 652 1571 contine›zti>bus);
677 1538 718 1564 sol
740 1543 830 1565 autem
853 1543 880 1566 et
896 1539 959 1566 luna
973 1533 993 1561 C
1011 1541 1038 1567 δὲ
1051 1542 1097 1568 καὶ
1108 1541 1205 1577 σελήνη
1228 1541 1272 1576 (τὰ
1288 1541 1342 1576 γὰρ
1362 1541 1555 1575 περιεχόμενα
1572 1540 1671 1575 ταῦτα)
1693 1540 1722 1568 οὺ
1732 1549 1799 1575 συμ-

163 1578 232 1612 (liaec
250 1579 323 1606 enim
343 1581 556 1615 continebantur)
579 1590 635 1608 non
654 1590 707 1609 una
732 1584 813 1610 simul
831 1592 891 1611 cum
915 1593 957 1618 eo,

163 1625 245 1658 qu'us
267 1626 412 1659 complexu
431 1627 604 1660 tenebantur,
620 1628 888 1664 circumagebantur.

201 1670 407 1698 (lontinuazione
431 1672 484 1706 sere
506 1673 583 1707 triplo
603 1674 823 1709 lonqioreffectus
845 1677 890 1704 sit.
905 1676 960 1712 Ap-

163 1716 255 1751 posuit
273 1716 336 1750 sere,
353 1718 424 1751 quod
436 1718 493 1745 dies
509 1718 554 1745 ille
575 1727 630 1745 non
647 1728 843 1755 usquequaque
858 1722 955 1756 plenus

163 1763 245 1789 suerit
259 1763 361 1797 triplici
374 1763 561 1791 dimensione:
578 1764 704 1799 (duarum
720 1766 793 1793 enim
810 1771 835 1794 et
847 1768 959 1803 triginta

163 1808 214 1835 fuit
229 1810 369 1845 horarum)
383 1810 417 1837 ab
433 1811 538 1837 oriente
561 1812 666 1839 scilicet
679 1812 712 1838 ad
729 1821 790 1839 eum
806 1822 893 1848 usque
919 1816 959 1842 lo-

163 1864 237 1887 cum,
257 1857 283 1882 in
298 1864 352 1891 quo
368 1857 409 1883 sol
437 1861 494 1884 tum
518 1858 645 1885 inventus
661 1865 713 1892 est,
730 1861 840 1894 quando
855 1862 957 1889 editum

165 1906 208 1929 est
225 1903 298 1930 istud
327 1903 447 1938 signum,
480 1904 573 1932 decem
603 1905 676 1932 horse
704 1908 904 1941 praeterierant,
931 1913 958 1936 et

163 1949 263 1975 iterum
281 1949 387 1981 decem,
403 1950 467 1976 dum
485 1950 560 1977 illine
575 1951 626 1978 iter
642 1951 746 1979 reflexit
761 1952 794 1979 ad
810 1954 955 1987 orientem,

162 1997 188 2021 et
202 1994 346 2021 duodecim
361 1995 424 2022 inde
436 2004 524 2030 usque
538 1997 573 2023 ad
589 1998 769 2026 occidentem.
791 1999 891 2027 Eadem
908 2009 956 2028 au-

161 2045 215 2067 tem
245 2041 373 2075 loquendi
399 2042 517 2069 formula
540 2043 583 2070 hic
600 2052 667 2072 usus
682 2049 742 2077 cst,
771 2046 844 2080 quod
859 2055 956 2081 nempe

161 2087 239 2121 polus
255 2095 307 2113 una
320 2095 386 2113 ·cum
403 2089 460 2115 sole
477 2089 572 2123 viginti
587 2094 705 2124 quatuor
720 2091 851 2118 horarum
866 2095 956 2127 spatio

161 2132 352 2159 admirandam
370 2133 452 2160 istam
468 2137 711 2170 retrogressionem
733 2136 837 2170 feccrit,
858 2139 898 2165 vel
914 2140 955 2166 sol

161 2179 218 2213 ipse
234 2179 320 2206 solus.

200 2224 245 2251 Vel
270 2225 417 2251 universum
441 2227 538 2260 «equali
566 2229 690 2261 temporis
715 2230 810 2263 spatio.
843 2230 949 2257 Dictum

160 2271 211 2298 hoc
227 2271 264 2298 ita
282 2275 410 2299 construe
425 2281 431 2298 :
458 2272 526 2299 Cum
540 2274 576 2300 sit
592 2282 639 2308 per
656 2276 857 2310 trajectionem,
876 2278 948 2311 qnod

160 2325 257 2352 nempe
292 2318 449 2345 universum
487 2327 534 2353 per
565 2322 719 2349 contrarias
753 2323 802 2350 has
835 2324 950 2352 lationes

159 2364 257 2397 :equali
273 2365 385 2391 omnino
399 2366 531 2400 temporis
547 2367 636 2400 spatio
657 2368 790 2396 mirandis
808 2369 868 2396 istis
886 2378 949 2397 ver-

159 2410 289 2444 tiginibus
318 2412 518 2438 retrocesscrit.
549 2412 611 2439 llaec
642 2414 723 2441 etiam
751 2415 822 2442 libro
849 2420 948 2451 quarto

159 2455 256 2490 Ileqnm
286 2457 460 2483 declarantur
475 2479 481 2491 ‚
518 2462 544 2485 et
578 2461 729 2494 przesertim
761 2462 788 2488 in
827 2462 947 2490 editione

160 2502 328 2536 Symnachi,
355 2508 382 2531 et
410 2505 480 2531 libro
501 2506 622 2532 secundo
650 2507 883 2542 Paralipommzon.

194 2547 240 2573 Sol
256 2549 281 2574 in
297 2551 404 2583 proprio
422 2559 510 2579 cursu.
541 2552 755 2580 Aimiversarins
778 2556 843 2581 solis
857 2560 948 2582 motus

158 2593 278 2628 quinque
299 2595 362 2621 facit
392 2599 597 2630 conversiones,
615 2600 732 2631 scilicet,
758 2602 947 2628 ascensionem

159 2640 305 2671 borealem,
327 2650 408 2675 qnam
441 2645 551 2670 conticit
576 2653 590 2670 a
611 2654 694 2671 verno
719 2647 884 2681 acquinoctio
914 2647 946 2673 ad

158 2687 282 2714 aestivum
310 2695 396 2721 usquc
430 2690 577 2717 solstitium
600 2696 626 2718 et
652 2692 818 2719 descensmn
852 2694 947 2720 borea-

1011 1589 1156 1623 περιήγετο
1172 1587 1210 1622 τῷ
1226 1587 1388 1623 περιέχοντι.

1044 1681 1125 1708 Κατὰ
1153 1681 1313 1715 συνέχειαν
1346 1679 1458 1714 σχεδὸν
1483 1679 1734 1714 τριπλασιὰζηται.
1761 1679 1798 1706 Τὸ

1009 1727 1121 1761 σχεδὸν
1135 1726 1319 1762 προσέθηκεν,
1341 1726 1433 1761 ἐπειδὴ
1465 1725 1563 1761 τριπλῆ
1588 1725 1656 1751 κατὰ
1679 1726 1710 1752 τὸ
1729 1725 1796 1760 πλῆ-

1010 1782 1055 1808 ρες
1068 1773 1117 1799 οὐκ
1136 1773 1272 1807 ἐγενετοὴ
1291 1772 1383 1807 ἡμέρα
1403 1770 1493 1807 ἐκείνη
1516 1772 1570 1807 (λβ’
1588 1771 1642 1807 γὰρ
1656 1771 1734 1818 ὡρῶν
1751 1771 1796 1805 γέ-

1008 1827 1069 1853 γονε
1079 1827 1086 1833 ·
1101 1818 1110 1854 )
1125 1818 1156 1844 τὸ
1181 1819 1234 1844 ἀπὸ
1251 1818 1383 1852 ἀνατολῆς
1410 1817 1489 1853 μέχρι
1504 1817 1550 1843 τοῦ
1574 1817 1656 1843 τόπου
1670 1818 1696 1843 ἐν
1710 1818 1731 1850 ῲ
1750 1815 1794 1851 ἦν,

1008 1865 1051 1890 ὅτε
1068 1865 1098 1891 το
1113 1866 1224 1900 σημεῖον
1241 1863 1329 1898 ἐδόθη,
1347 1863 1393 1890 καὶ
1426 1863 1490 1889 δέκα
1521 1862 1623 1888 ἐκεῖθεν
1640 1862 1686 1888 ἐπὶ
1706 1863 1796 1888 ἀνα-ιο·

1008 1911 1066 1943 λὰς,
1081 1913 1128 1938 καὶ
1146 1911 1250 1937 δώδεκα
1266 1911 1345 1946 μέχρι
1365 1910 1414 1945 τῆς
1441 1909 1598 1940 τελευταίας
1611 1909 1720 1939 δύσεως.
1750 1909 1794 1943 Τῷ

1008 1959 1081 1994 αὐτῷ
1105 1959 1133 1984 δὲ
1154 1959 1272 1993 σχήματι
1291 1957 1338 1983 τοῦ
1364 1957 1442 1990 λόγου
1457 1957 1503 1982 καὶ
1517 1955 1632 1982 ἐνταῦθα
1650 1956 1793 1990 ἐχρήσατο,

1007 2007 1047 2033 ὅτι
1063 2006 1079 2041 ἢ
1097 2007 1110 2032 ὁ
1140 2005 1221 2036 πόλος
1240 2004 1320 2035 αὐτὸς
1348 2004 1395 2030 σὺν
1411 2002 1450 2037 τῷ
1479 2003 1547 2037 ἡλίῳ
1566 2004 1594 2028 ἐν
1625 2002 1664 2037 τῷ
1678 2002 1731 2027 τῶν
1756 2001 1793 2027 κδ’

1006 2052 1085 2087 ὡρῶν
1116 2051 1279 2086 διαστήματι
1299 2050 1348 2084 τὴν
1366 2049 1492 2084 ὑπερφυῆ
1509 2049 1616 2084 ἐκείνην
1637 2049 1793 2083 ἀντιπερια-

1007 2099 1098 2133 γωγὴν
1117 2098 1273 2132 ἐποιήσατο,
1287 2097 1303 2132 ἣ
1323 2097 1402 2132 μόνος
1417 2098 1430 2123 ὁ
1446 2095 1529 2131 ἣλιος.

1041 2233 1078 2259 ’Ἡ
1088 2232 1118 2258 τὸ
1128 2231 1189 2258 πᾶν
1197 2231 1341 2258 τοσούτου
1350 2230 1469 2264 χρόνου.
1481 2229 1516 2255 Τὸ
1527 2228 1606 2264 ῥητὸν
1617 2228 1686 2253 οὕτω
1698 2227 1791 2258 σύνθες

1003 2279 1062 2305 καθ’
1083 2278 1231 2313 ὐπέρῧασιν
1266 2277 1311 2303 ὅν·
1331 2277 1365 2302 Ἢ
1389 2276 1419 2301 τὸ
1447 2276 1500 2301 πᾶν
1522 2274 1719 2309 ἐπαναστρέφει
1737 2273 1786 2303 τὰς

1003 2325 1125 2355 ἐναντίας
1145 2324 1245 2354 ταύτας
1266 2322 1361 2358 φορὰς,
1390 2320 1516 2348 τοσοῦτον
1532 2320 1665 2354 διάστημα
1694 2320 1788 2358 χρόνον

1002 2370 1160 2402 ἀναποδίζον
1190 2371 1249 2400 ταῖς
1274 2369 1344 2404 ὑπὲρ
1360 2368 1437 2401 λόγον
1459 2366 1570 2397 ταύταις
1594 2366 1786 2401 περιδινήσεσι.

1002 2416 1093 2442 Ταῦτα
1113 2416 1140 2442 δὲ
1155 2416 1200 2441 καίΙ
1229 2416 1256 2440 ἐν
1273 2416 1305 2449 τῇ
1335 2414 1354 2439 δ’
1384 2413 1437 2438 τῶν
1463 2412 1627 2438 Βασιλειῶν
1650 2411 1786 2446 δηλοῦται,

1003 2461 1050 2488 καὶ
1065 2462 1180 2497 μάλιστα
1197 2462 1224 2487 ὲν
1240 2461 1272 2495 τῇ
1291 2459 1360 2486 κατὰ
1388 2459 1534 2494 Σύμμαχον
1559 2456 1671 2488 ἐκδόσει,
1691 2458 1736 2484 καὶ
1758 2459 1786 2484 ἐν

1002 2509 1037 2543 τῇ
1055 2508 1076 2542 β’
1093 2508 1147 2534 τῶν
1164 2504 1438 2540 Παριιλειπομένων.
1768 2546 1773 2552 .

1040 2554 1077 2579 ’Ἡ
1096 2554 1111 2579 ό
1127 2553 1212 2585 ἥλιος
1227 2552 1260 2576 ἐν
1281 2550 1343 2581 Ιδίῳ
1357 2549 1463 2583 θρόμῳ.
1493 2549 1525 2575 '11
1543 2549 1589 2575 τοῦ
1608 2548 1682 2583 ἡλίου
1702 2548 1787 2573 ἐνιαυ-

999 2608 1055 2630 σιος
1077 2599 1183 2633 κίνησις
1208 2598 1286 2623 πέντε
1306 2597 1422 2621 ποιεῖται
1449 2595 1562 2629 τροπὰς,
1590 2594 1720 2620 ἀνάδασιν
1743 2593 1786 2627 βο-

1000 2647 1084 2680 ρείαν,
1106 2645 1243 2671 τουτέστιν
1257 2642 1309 2669 ἀπὸ
1322 2642 1482 2677 ίσημερινῆς
1508 2642 1535 2667 ἐν
1558 2641 1596 2676 τῷ
1614 2641 1672 2676 'iupa
1691 2641 1730 2670 εἰς
1740 2639 1785 2665 τὸν

998 2692 1102 2721 θερινὸν
1119 2690 1258 2726 τροπικὸν,
1270 2689 1316 2715 καὶ
1331 2689 1481 2715 κατὰῧασιν
1510 2687 1619 2723 βορείαν
1642 2687 1688 2713 ἀπ’
1702 2684 1783 2712 αὑτοῦ

618 2772 731 2800 ΥΑΠΙᾸΞ
754 2773 944 2801 LECTtONES
965 2773 1008 2800 ET
1026 2769 1299 2801 CORRECTlONlCS.

212 2825 232 2840 ¹*
254 2828 456 2861 το,ι.,-.;ρ’.ήγ;ῑο.
